2139 3579
431 165 614 241 275x

87 315 197 375 ponere:
231 308 259 371 1)
282 305 460 374 Antiquissima
483 302 585 353 fabulae
606 299 687 364 forma
712 318 741 351 ea
765 300 844 352 luisse
865 303 976 366 videtur,

87 394 156 461 quod
172 395 324 460 Melampus,
344 403 415 443 vates
431 380 457 441 et
472 390 584 439 medicus
603 390 788 460 (ἰατρόμαντις
806 401 835 440 ut
850 391 912 457 Apis
926 393 976 440 Ae-

66 472 67 475 *
87 481 172 546 schylo
188 481 259 554 audit
274 477 365 544 Supph
383 478 443 538 265)
466 476 554 524 Proeti
573 475 697 523 Corinthii
714 475 778 524 illias
795 476 887 526 morbo
905 477 975 527 laho-

84 578 169 616 rantes
187 565 337 632 (quisquis'
330 580 351 611 1s
368 561 457 625 fuerit)
477 561 537 610 artis
553 560 667 609 medicae
682 564 787 627 peritia,
814 574 839 613 et
856 563 976 613 adhibitis

86 653 193 701 l'ortasse
210 648 400 698 lustrationibus
419 646 583 713 quibusdam,
609 648 723 710 sanavit,
743 667 896 718 unamque
888 668 975 700 earum

86 736 195 785 uxorem
210 735 295 798 duxit,
312 733 456 801 quodcum
473 731 640 796 chronologia
656 733 758 798 egregie
775 737 901 785 convenit.
930 738 975 785 Sic

83 811 226 885 Hesiodum
243 821 359 869 docuisse
375 813 455 885 puto(
478 820 506 882 Q)
525 817 638 882 Fabulae
654 819 771 867 conditor
788 823 974 888 antiquissimus

84 908 119 955 ,de
133 910 229 955 Proeto
247 904 355 977 Ἀργείῳ
374 905 481 954 fortasse
501 904 601 952 locutus
619 901 715 966 suerat,
742 907 810 971 quod
834 926 912 974 quum
934 927 976 959 re.

88 993 213 1042 centiores
238 993 340 1058 (eodem
356 992 434 1041 modo
452 1007 503 1057 quo
525 989 591 1056 apud
609 992 763 1055 Homerum)
784 994 851 1041 male
873 995 905 1043 de
926 996 976 1044 cla-
1028 1026 1030 1028 ·
1066 970 1068 975 Ι

7 1078 9 1080 ’
87 1080 156 1128 riore
180 1076 224 1127 illo
243 1078 347 1127 Abantis
369 1076 423 1126 filio
444 1076 629 1141 intelligerent,
656 1085 735 1124 totam
758 1076 790 1126 de
812 1080 976 1131 Proetidibus

88 1182 227 1231 earumque.
245 1165 373 1212 sanatione
394 1163 526 1211 historiam
549 1160 579 1209 ad
597 1160 665 1209 hunc
682 1163 880 1227 transtulerunt,
906 1169 977 1234 quod

87 1267 145 1300 eum
167 1250 253 1316 specie
270 1250 379 1317 quadam
399 1248 514 1298 veritatis
536 1236 803 1312 facerslvidehantm,
824 1270 907 1318 quum
923 1258 977 1305 Me·

86 1319 288 1403 lampodidarum
307 1333 413 1401 >imperii
435 1334 526 1401 Argivi
548 1332 797 1384 consu-mnasonis
818 1339 925 1404 quadam
950 1352 977 1390 et

87 1419 317 1488 causa-indigeret,
329 1409 331 1414 ’
345 1436 426 1486 eaque
443 1421 491 1469 hac
507 1419 593 1487 fabula
610 1418 710 1470 iuventa
727 1423 812 1486 putari
827 1436 921 1489 posset.
943 1456 976 1465 -

87 1509 116 1572 3)
135 1508 225 1582 'Quum
249 1517 331 1555 autem
351 1506 399 1567 palii
415 1522 474 1554 mox
491 1501 623 1566 riderent,
651 1505 692 1584 obx
705 1498 848 1573 temporum
865 1512 976 1561 rationes

67 1639 69 1643 ,
88 1591 416 1658 Melampodem‚'Ahautis
438 1590 485 1639 filii
508 1592 639 1658 aequalem
660 1592 731 1665 nullo
753 1595 829 1643 modo
852 1612 907 1646 esse
927 1616 975 1664 po-

69 1741 70 1744 *
88 1678 180 1740 tuisse,
198 1688 224 1726 et
239 1677 287 1727 alia
303 1686 431 1742 prostaret
446 1677 565 1739 traditio,
589 1693 604 1725 e
620 1679 837 1745 qua'Anaxagora
854 1696 976 1749 regnante

88 1764 115 1811 iu
134 1764 262 1829 Argorum
286 1762 437 1828 demigravit
459 1763 587 1812 civitatem
611 1763 750 1830 Melampus
777 1769 853 1832 (quae
873 1771 976 1834 quidem

88 1833 193 1897 omnino
215 1864 272 1896 eum
290 1847 463 1912 chronologia
479 1837 627 1926 convenit),
651 1842 716 1897 hanc
732 1850 834 1915 quidem
855 1854 976 1922 adoptan-
1007 1901 1009 1905 ,

90 1935 148 1983 dam
164 1943 331 1994 censuerunt,
360 1942 386 1981 et
403 1934 538 1982 sanationis
555 1931 706 1981 beneficium
722 1937 873 2004 retinentes,
895 1943 977 1994 Proe-

68 2037 69 2041 ’
89 2008 190 2073 lidihus¹
205 2018 309 2067 feminas
325 2018 442 2083 Argivas*
456 2005 640 2067 substituendus
657 2032 784 2071 curarunt.
816 2024 844 2087 1)
864 2027 916 2075 Alii
932 2030 976 2078 de.

87 2106 167 2173 nique
181 2097 324 2157 *tut-*entibus
340 2104 391 2152 illis
410 2104 465 2153 sive
481 2104 644 2153 Proetidihus
666 2106 721 2155 sive
736 2103 884 2158 mulieribus
902 2115 976 2181 Argi·

90 2191 129 2243 ris
144 2186 291 2256 Anticyram
306 2188 484 2265 helleborique
499 2206 573 2237 usum
589 2184 805 2257 commendantes,
824 2198 976 2251 celebratam

90 2275 188 2324 illam'
180 2275 283 2339 rmpeiii
304 2275 394 2338 Argivi
418 2274 569 2323 divisionem
592 2274 712 2325 affinitate
742 2281 830 2344 (quant
848 2286 975 2335 Homerus

78 2352 148 2410 *iam
160 2353 241 2408 induit
264 2359 313 2408 Od.
336 2361 398 2421 XV,
419 2341 480 2425 211)
506 2362 566 2409 satis
588 2362 715 2415 declarari
736 2375 858 2438 putarunt
880 2371 920 2435 (St
911 2373 975 2422 trab

89 2447 156 2500 VlIl.
177 2462 203 2510 p.
219 2446 270 2498 569
283 2446 349 2510 sq),
374 2461 493 2511 quorum
505 2446 573 2511 parti
593 2463 635 2529 me
658 2434 732 2507 etiam
750 2449 838 2501 farere
840 2456 975 2520 equidem

87 2546 141 2579 non
160 2528 263 2578 infitior.
377 2541 379 2545 ’

154 2617 247 2663 Restat
270 2624 298 2663 ut
321 2616 491 2682 genealogicis
516 2615 666 2682 quibusdam
695 2596 847 2685 argumentis
874 2624 977 2677 demon·
1037 2623 1045 2638 ‘

91 2710 183 2761 streuu,
205 2699 391 2764 Melampodem
409 2701 498 2750 Proeti
516 2700 671 2751 Abantiadae
693 2707 823 2771 aequalem
849 2725 904 2760 esse
925 2708 980 2762 non>

57 2785 59 2789 ’
91 2786 211 2853 potuisse.
249 2785 337 2832 'l'radit
353 2787 459 2850 quidem
472 2788 646 2852 Apollodorus
665 2790 711 2855 (ΙΙ,
727 2795 757 2852 2,
773 2796 801 2854 2,
818 2792 841 2849 ,1.
855 2813 885 2862 p.
902 2800 961 2864 199)
967 2816 975 2861 3

92 2870 273 2935 Amythaouem
291 2869 455 2941 Melampodis
478 2885 577 2938 patrem
601 2875 701 2924 duxisse
718 2876 857 2927 Idomenea
871 2881 976 2932 Abantis

89 2958 184 3017 filiam3
210 2955 252 3026 sed
270 2970 360 3019 parum
377 2954 403 3001 in
419 2972 450 3004 ec
468 2958 516 3005 sibi
532 2962 640 3022 constat3
668 2961 718 3009 alio
736 2964 876 3013 enimloco
900 2970 935 3032 (Ι,
952 2974 977 3031 9,

93 3044 134 3106 11,
148 3049 173 3098 1).
190 3060 215 3108 p.
233 3042 276 3104 Vl)
294 3038 396 3089 veriore
413 3040 487 3090 titulo
506 3045 612 3093 eandem
623 3047 759 3096 Idomeneo
769 3048 885 3098 Pheretis
900 3052 976 3103 filiam

92 3117 238 3195 nuncupat.v
260 3127 302 3175 *Ut
321 3124 401 3191 magis
423 3139 544 3192 appareat
565 3146 622 3191 res,
647 3132 753 3182 Abantis
770 3145 796 3183 et
811 3136 885 3183 Aeoli
901 3148 976 3201 stem-

93 3226 174 3275 mata,
190 3224 311 3281 quatenus
328 3212 377 3267 huc
394 3213 544 3278 pertineutp
561 3231 725 3281 componam⁷
747 3221 934 3286 Gorgophonae
951 3236 977 3274 et

54 3302 56 3305 ’
92 3299 203 3350 Perieris
229 3298 355 3349 connuhio
387 3309 504 3367 tanquam
530 3289 712 3352 coniunctionis
745 3306 852 3354 articulo
879 3325 977 3359 usurus.
