2139 3579
541 156 598 218 rio

190 297 309 347 Rhodum
325 282 471 366 occupatam
487 311 542 347 esse
556 299 677 348 acolonis
694 299 903 362 Doriensihus
921 316 952 348 ex
963 301 1009 348 Ar-

126 382 215 448 golide·
229 382 350 450 profectis
366 384 469 433 minime
485 387 645 452 negaverim3
665 388 726 436 satis
740 371 806 436 enini
822 387 886 436 haec
898 404 939 436 res
950 403 1010 452 pre-

125 468 183 517 bata
201 481 238 518 est
256 471 409 535 Thucydidis
427 474 575 522 auctoritate
592 476 647 536 Vll,
663 479 710 538 573
728 462 772 523 sed
790 492 839 523 non
855 464 950 540 pug'nat
961 472 1010 520 hoc

125 569 183 601 cum
201 557 300 605 colonia
318 569 389 607 antea
413 560 735 624 aTlepolemo‘deduota3
762 550 830 627 quod
850 560 926 608 tradit
941 558 1010 606 Thu·
1061 568 1062 571 ’

124 640 227 709 cydides
244 642 373 706 diversum
396 656 447 708 est,
471 625 522 693 non
544 646 705 712 contrarium.
741 647 765 696 Α
780 638 930 711 Tlepolemo
947 639 1009 694 vero

45 736 48 739 ⁴
122 742 173 773 non
192 729 330 779 Dorienses
349 732 471 780 deductos
488 749 557 794 esse,
578 733 623 780 sed
639 733 743 782 Aeolios
759 742 784 781 et
800 729 911 780 Boeotos
929 729 1010 783 refert

124 812 216 861 Strabo
233 816 344 882 XIV,p
360 807 814 881 65ii‚ce1teeandemobcausam3
840 809 913 884 quod
925 816 1010 864 fabula

86 914 89 919 ’
124 902 263 949 communis
288 902 320 951 de
342 905 486 952 Heraclidis
508 904 609 977 eiectis,
635 904 690 953 illo.
702 915 817 995 tempore
834 894 1010 969 Tlepolemum
1036 920 1043 951 ι

122 986 247 1050 Argivum
262 1005 312 1036 non
330 990 488 1055 agnoscebat.
941 1019 943 1021 ·
962 1011 978 1053 ¹,

190 1073 262 1147 Quae
280 1076 362 1123 omnia
380 1078 429 1124 iust
430 1094 445 1124 0
420 1076 553 1129 tordine
574 1093 614 1125 me
632 1076 726 1126 ducunt
743 1092 794 1143 quo
811 1039 902 1130 tendo:
930 1078 1009 1126 Hera-

123 1159 205 1207 clidae
223 1161 298 1209 eiecti
314 1163 368 1210 sine
385 1163 503 1211 Herculis
521 1163 669 1228 expulsione
687 1162 793 1228 cogitari
809 1174 952 1230 nequeunt3
974 1173 1009 1211 at-

123 1246 167 1310 qui
176 1245 300 1296 Hercules
319 1250 438 1314 expulsus
455 1267 506 1297 non
524 1255 574 1311 est,
591 1266 653 1314 ergo
664 1249 893 1314 'necHeraclidac3
912 1246 948 1299 ‘de
964 1267 1009 1299 re·

58 1336 60 1338 ’
123 1332 190 1387 ditu
213 1334 298 1399 itaque
315 1317 508 1383 Heraclidarum
531 1323 560 1384 ea
581 1333 763 1401 significatione
784 1333 835 1402 qua
850 1338 927 1402 vulgo
945 1337 1008 1386 haec

121 1434 174 1468 vox
191 1420 329 1484 accipitur,
349 1439 434 1485 sermo
453 1438 507 1470 esse
529 1417 579 1469 non
590 1432 688 1486 potest.
728 1422 891 1490 Doriensium
913 1418 944 1469 in*
960 1418 1015 1472 Pe'

121 1507 289 1572 loponnesum
306 1508 487 1573 ‘expeditiones
512 1509 579 1557 circa
603 1506 774 1556 Deianirae
803 1508 924 1563 liberos
951 1528 1008 1560 ver-

99 1630 103 1635 ,
121 1604 220 1656 santur,
246 1595 395 1659 praesertim
414 1595 515 1658 Hyllum
533 1582 637 1660 eiusque
653 1603 784 1658 posteros,
811 1596 854 1659 qui
871 1591 1006 1646 omnesab

120 1682 235 1727 Homero
254 1681 304 1728 alto
321 1681 420 1729 silentio
437 1674 600 1747 premuntur,
624 1679 691 1727 unde
713 1679 762 1745 ipsi
783 1682 884 1731 omnino
903 1700 953 1731 non
971 1684 1007 1731 in-

120 1768 234 1816 notuisse
251 1784 307 1827 eos,
328 1779 398 1816 recte
416 1767 597 1815 concludimus.
637 1768 735 1818 Verum
752 1766 853 1833 quidem
871 1779 909 1818 est
928 1772 1007 1819 Hera-

121 1854 244 1902 clidarum
260 1854 353 1901 lineam
370 1853 401 1900 ab
418 1854 495 1917 Hyllo
513 1848 707 1901 descendentem
725 1854 836 1901 omnilim
850 1856 957 1904 maxime
969 1856 1007 1905 fu-

64 1963 70 1967 -
120 1939 170 1986 isse
188 1935 356 2001 celebratam3
380 1949 405 1986 at
422 1939 492 1986 nullo
507 1938 584 1985 modo
601 1937 663 1985 mihi
679 1940 822 2004 persuadeo
839 1940 906 1990 hunc
923 1944 1008 2008 splen-

120 2025 209 2073 dorem
226 2025 298 2072 simul
317 2040 373 2072 cum
389 2024 437 2072 hac
455 2023 549 2071 Familia
566 2034 651 2072 nalum
667 2041 724 2073 cum
739 2025 793 2090 ipsa
807 2042 932 2090 crevisse,
952 2045 1006 2078 cre·

121 2110 154 2158 do
171 2111 255 2175 potins
273 2111 381 2159 obseura
398 2111 478 2175 gentis
495 2111 566 2158 initia
584 2111 676 2158 seriori
692 2110 793 2165 demum
807 2123 932 2178 tempore,
948 2126 1007 2180 post

120 2207 268 2261 occupatam
280 2197 490 2262 ¹Peloponnesum
507 2197 615 2244 illustria
631 2196 710 2265 facta,
735 2208 761 2246 et
778 2198 950 2249 celebritatem
967 2219 1007 2251 ae-

95 2272 100 2285 ,
120 2282 226 2347 cepisse.
259 2274 361 2347 Hylluni
379 2299 441 2331 rero
460 2276 569 2348 unquam
587 2281 755 2347 Argis'suisse
769 2280 884 2344 diffiicile
897 2276 938 2336 est
946 2305 1006 2352 pro·
1032 2310 1036 2315 ’

119 2367 187 2434 batn.
221 2369 285 2416 Cum
302 2369 418 2434 Aegimio
436 2369 599 2416 D‘oriensium
616 2386 677 2434 rege
694 2370 829 2434 societate,
847 2369 1020 2422 101οι11011-ν

118 2444 213 2502 finitate
231 2455 319 2517 etiam,
343 2455 423 2503 iuncti
440 2466 511 2504 erant
526 2451 658 2519 Hyllidae,
683 2451 763 2521 quare
784 2457 851 2505 inter
866 2455 1004 2508 Dorienses

119 2541 188 2605 ipsos
206 2536 299 2590 vixisse
316 2551 341 2589 et
357 2558 446 2607 magna
464 2541 621 2591 auctoritate⁴
631 2541 747 2608 floruisse
765 2553 864 2591 nonest
879 2545 1006 2610 (1110111111-

119 2610 227 2675 bitemus
235 2644 242 2687 3
260 2637 286 2674 et
302 2627 449 2675 bellicosam
463 2627 527 2675 hanc
540 2628 665 2693 nationem
677 2644 727 2675 non
740 2628 883 2698 haesitasse,
899 2631 1006 2679 insuam

112 2713 252 2761 utilitatem
269 2712 371 2762 vertere
387 2714 580 2771 Heraclid'arum
596 2714 743 2780 societatem
761 2725 836 2781 atque
851 2715 914 2777 iura,
931 2716 1005 2767 facile

119 2798 258 2846 credemus.
299 2800 356 2870 Qua
373 2800 472 2847 ratione
489 2797 583 2846 factum
601 2809 653 2860 est,
676 2809 705 2865 ut
721 2800 872 2863 Dorienses,
891 2804 1006 2851 Heracli-

119 2883 207 2930 darum
222 2884 381 2933 restitutione
394 2896 512 2950 tanquam
527 2885 660 2932 commodo
670 2896 804 2950 praetextu
816 2887 870 2948 usi,
886 2887 1005 2951 pulcher·
1039 2954 1042 2956 ι

117 2969 193 3017 rimas
210 2970 381 3035 Peloponnesi
397 2965 542 3035 provincias
557 2971 719 3035 occuparent
751 2972 866 3037 Singulas
880 2972 953 3020 huius
966 2974 1005 3021 rei

117 3067 202 3120 partes
219 3056 339 3122 persequi
355 3057 406 3104 mei
422 3072 473 3104 non
490 3066 529 3104 est
546 3057 658 3118 consilii,
679 3073 727 3105 nec
745 3058 846 3106 omnino
859 3057 915 3105 fieri
929 3075 1005 3124 posse

117 3143 232 3207 ridetur,
250 3152 279 3189 ut
295 3158 382 3191 veram
399 3158 486 3189 rerum
502 3152 628 3206 gestarum
646 3141 754 3190 formam
772 3159 803 3190 ex
817 3143 953 3192 innumeris
968 3145 1018 3209 sas

118 3228 182 3276 bulis
200 3229 376 3290 restituamus,
402 3227 493 3293 quibus
509 3229 601 3291 poe'tae
624 3239 651 3276 et
667 3228 844 3293 mythographi
863 3230 1004 3296 110001·ςο-

115 3326 227 3364 mentum
252 3313 423 3376 exornarunt3
452 3311 570 3362 sufficere
593 3313 696 3363 videtur
716 3313 766 3363 hoc
790 3315 862 3379 loco,
889 3316 1003 3385 breviter
1027 3367 1029 3370 .
