2139 3579
540 200 615 276 50v

35 303 37 307 ¹
117 328 235 401 Aponon.
252 337 336 385 uuae.
353 329 664 407 1v,1091,1(rue12e0ya
683 334 728 384 ar.
750 330 808 386 coti.
827 337 910 385 sun.
928 348 953 401 p.
973 329 1003 392 ta
1056 324 1058 331 ’

115 424 191 489 sqq).
212 424 286 471 ‚Eius
299 434 403 472 stemma
420 421 470 471 hoc
487 432 539 470 est:
766 419 768 423 ’

400 538 524 593 Amymone
537 555 552 582 υ
568 537 685 592 Neptunus
743 574 748 587 ,

488 654 600 709 Naupliu-

485 775 603 817 Damastor
654 761 731 830 (Peri)
746 775 831 817 castor.
903 775 904 778 ’

481 893 623 935 Perislltenes
642 905 657 937 u
676 894 805 936 Androthoe

494 975 631 987 ·—--u-—
639 960 763 991 Λ--σ--ό,

475 975 616 1068 Polydectae
697 1014 781 1069 Dictys.

114 1122 155 1168 De
170 1118 219 1167 hac
237 1117 383 1184 genealogia
406 1116 520 1165 Sturzius
543 1118 577 1182 (Ι.
594 1117 626 1185 l.)
650 1110 723 1166 dicit:
758 1119 864 1183 »Dictys
885 1118 933 1168 iste
956 1119 1001 1184 qui

107 1188 332 1273 affluatis-filius,
358 1203 434 1251 Aeoli
455 1219 534 1268 nepos
551 1214 657 1252 vocatur
676 1205 706 1252 ab
724 1206 881 1270 Apollodoro
900 1207 923 1266 l,
940 1211 967 1265 9,
984 1208 1004 1263 (i

65 1294 86 1332 -’
114 1304 139 1343 et
156 1309 280 1346 unacum
297 1289 376 1338 hatre
392 1289 532 1354 Polydecte
557 1290 660 1338 colonos
686 1292 786 1340 duxisse
803 1293 896 1341 dieitur
912 1293 938 1340 in
956 1293 1011 1352 3⁰*

113 1380 230 1446 riphum,
256 1394 331 1426 unam
355 1376 536 1441 eCyclad'ibus
558 1377 664 1425 insulam
690 1380 726 1443 (r.
743 1379 825 1426 Strab.
843 1382 879 1439 X,
895 1396 920 1443 P·
938 1374 999 1441 487)

113 1466 216 1516 ridetur
232 1481 246 1512 a
263 1455 598 1533 sotorherecydeseasroris
616 1479 630 1511 e
645 1462 697 1511 filia
713 1464 902 1529 nepos'rocari.
938 1458 1000 1513 Ornss,

112 1553 224 1617 ninoquc
240 1550 267 1597 in
282 1547 375 1597 horum
390 1547 520 1596 hominum
531 1550 679 1616 genealogia
691 1538 779 1616 magna
790 1538 932 1599 differentia
944 1567 999 1599 eer-
1050 1609 1051 1612 Ἰ

102 1624 189 1686 =nitur.
222 1636 265 1684 Sic
281 1635 454 1700 Apollodorus
471 1636 503 1697 ll,
520 1640 544 1696 1,
560 1634 578 1687 4
594 1646 658 1684 extr.
675 1635 744 1697 dicit,
761 1619 999 1705 Nauplinm⁴elllep⁴

113 1735 174 1774 tuno
192 1733 218 1772 et
229 1710 369 1786 Amymone
384 1731 470 1770 natum
485 1721 510 1769 in
527 1740 622 1770 summa
639 1733 769 1784 senectute
780 1723 998 1782 uxoremdunisse

76 1837 82 1845 -
111 1807 144 1849 -’
161 1809 297 1874 Clymenen
314 1807 400 1856 Catrei
415 1805 492 1866 filiam
508 1837 548 1857 -.
587 1809 657 1876 Idem
674 1795 846 1874 Apollodorus
867 1792 923 1872 tres,
944 1810 997 1858 eius

110 1896 177 1945 filios
193 1904 389 1953 commemorat,
416 1895 440 1940 in
458 1912 567 1959 quorum
588 1905 672 1943 tamen
693 1897 799 1958 numero
822 1911 873 1943 non
893 1906 931 1945 est
947 1897 998 1945 Da-

110 1994 212 2032 mastor.
252 1980 356 2030 Scilicet
371 1980 456 2045 potuit
472 1982 547 2029 etiam
569 1981 674 2027 iunior
698 1981 772 2027 aliam
796 1981 920 2047 quandam
935 1997 997 2032 uxo·

109 2087 166 2118 rem
183 2069 299 2129 duxisse,
319 2085 400 2133 equa
418 2067 534 2133 genuerit
550 2068 741 2127 Damastorem,
766 2067 814 2114 nisi
833 2067 918 2116 dicere
935 2070 996 2117 veli·

109 2172 178 2217 mus,
205 2154 399 2220 discrepantiam
421 2146 534 2200 fortassis
556 2162 637 2200 ortam
656 2168 741 2221 essee
758 2151 905 2202 corilusione
923 2155 996 2204 huius

109 2239 259 2305 antiquioris
276 2239 378 2304 Nauplii
395 2255 452 2287 cum
468 2239 576 2309 Nauplio
594 2238 744 2300 recentiori,
760 2240 804 2304 qui
820 2238 868 2289 suit
881 2258 912 2289 ex
928 2244 995 2291 illius
1048 2230 1050 2233 i

98 2309 217 2393 'posteris
239 2335 265 2375 et
283 2326 315 2372 <in
332 2325 485 2391 Argonautis
506 2334 655 2372 recensetur
677 2325 707 2372 ab
725 2325 862 2390 Apollonio
879 2328 903 2389 l,
920 2327 994 2383 1344<

108 2416 179 2460 Haec
196 2411 248 2458 ille.
289 2411 369 2459 Miror
385 2427 458 2471 sane,
486 2409 619 2476 quomodo
631 2411 679 2461 Vir
701 2411 859 2459 doctissimus
873 2412 995 2463 'dubitare

107 2510 204 2548 tantum
220 2497 334 2565 potuerit
355 2498 387 2550 de
409 2478 557 2545 confusione
581 2495 688 2543 duorum
704 2497 897 2567 Nauplicrumg
916 2501 995 2565 Apol-

107 2586 212 2634 lodorus
230 2584 343 2650 loquitur
359 2583 391 2630 de
409 2583 550 2630 Palamedis
567 2593 654 2647 patre;
681 2582 842 2654 Pherecydes
861 2568 896 2634 de
913 2588 994 2636 Danai
1020 2592 1022 2596 ’

107 2682 200 2736 nepote
207 2688 215 2731 3
233 2670 361 2735 quomodo
380 2654 457 2733 igitur
474 2670 835 2736 ApollodorusxDamastorem
851 2672 993 2721 iuterfilios

107 2744 209 2822 Nauplii
225 2756 263 2804 sui
281 2771 416 2809 recensere
432 2755 530 2820 potuit,
558 2772 635 2820 quum
653 2756 788 2816 Damastor
809 2756 829 2804 is
847 2754 992 2823 Polydeetis
1024 2755 1026 2760 ’

86 2901 90 2906 f
107 2855 132 2893 et
144 2843 240 2906 Dictyis
256 2859 316 2892 arus
333 2841 505 2906 perhibeatur,
523 2842 567 2906 qni
584 2826 685 2907 quidem
703 2842 751 2906 ipsi
761 2844 857 2892 Perseo
874 2848 992 2915 aequales
1033 2885 1034 2890 ,

106 2931 185 2978 multo
204 2929 358 2995 antiquiores
376 2927 449 2976 fuere
467 2927 575 2993 Nauplio
592 2928 733 2976 Palamedis
752 2928 833 2993 patre.
867 2931 943 3003 Quod
960 2932 991 2980 ad

106 3014 270 3063 Androthoae
288 3024 386 3079 patrem
404 3014 507 3072 attinet,
534 3015 565 3062 de
582 3014 689 3062 nominis
712 3013 792 3061 forma
815 3030 867 3061 uon
890 3017 990 3066 omnino

106 3104 186 3169 liquet
192 3119 200 3164 3
218 3102 243 3163 in
261 3100 369 3148 Scholiis
387 3100 490 3166 quidem
500 3101 630 3165 Apollonii
645 3086 775 3165 impressis
793 3100 881 3147 Castor
897 3119 991 3151 nuncn-

106 3200 195 3255 patur3
221 3188 307 3236 Codex
324 3186 452 3234 Parisinus
469 3186 655 3235 Perieastorem
673 3185 789 3251 appellat}
830 3185 891 3232 otini
908 3198 995 3255 neque

106 3277 139 3323 de
154 3274 262 3332 nominis
284 3272 365 3343 forma
382 3255 465 3338 neque
488 3273 520 3320 de
536 3256 638 3320 lionaine
656 3282 760 3320 constat.
799 3272 840 3319 De
856 3259 990 3339 Dictyeet

106 3361 243 3425 Polydecte
260 3359 359 3424 aptiore
375 3359 433 3408 loeo
450 3357 548 3408 dicetur
564 3358 591 3421 in
609 3358 770 3407 Aeolidaru'm
787 3367 877 3425 gente.-
