2139 3579
510 151 564 206 139

94 300 178 338 natum
194 303 316 352 ponamus
334 271 365 337 eo
379 297 497 353 tempore
515 305 565 357 quo
575 290 625 344 ,Car
641 286 743 350 floruit3
760 317 792 354 -.
806 289 875 354 quod
889 305 919 342 eo
931 289 981 339 fine

93 373 161 442 pono
178 383 206 421 ut
221 364 327 426 habeam
344 376 411 423 unde
428 374 577 441 proficiscar
594 385 670 422 -et
685 375 752 422 inter
768 375 879 440 singulos
893 388 980 442 partus

94 464 126 515 30
142 475 233 521 annos3
251 470 276 509 et
293 459 441 508 habebimus
459 460 489 507 ab
507 462 577 526 Argo
594 470 653 509 nato
672 463 703 526 (s,
721 462 785 509 Care
801 460 922 524 florente)
940 482 981 512 us-

94 561 143 611 que
161 542 192 593 ad
209 545 330 611 Lelegem
346 547 431 594 natum
453 549 515 607 210,
544 557 569 595 et
587 563 665 612 usque
683 547 783 595 adeius
801 548 937 597 adventum
954 551 980 597 in

67 640 69 643 ’
94 631 225 684 Graeciam
252 631 322 697 quasi
350 630 400 685 240
423 647 514 692 annos3
541 648 605 700 quae
623 633 775 696 computatio
791 634 884 684 iterum
901 634 980 684 efficit

94 716 263 768 differentiam
284 714 508 781 integrisaeeuli‚
534 716 705 782 Lelegemque
727 735 778 766 nno
801 721 902 768 saeculo
919 732 979 786 post

92 795 184 850 Belum
199 802 292 851 vixisse
308 801 407 867 prohat.
430 829 464 839 ψ
485 802 508 851 E
525 800 621 865 duplici
642 801 689 850 hae
707 805 921 867 argumentatione
938 808 982 863 ri·x

93 889 194 949 demus,
222 887 288 935 circa
312 896 418 935 aetatem
441 884 542 950 Lelegis
567 901 615 933 non
642 902 740 934 errasse
762 890 938 953 Megarenses3
964 909 979 939 a

93 972 236 1037 suspicione
253 983 337 1021 autem
353 971 492 1022 stemmatis
509 969 587 1022 aflicti
604 987 684 1036 aeque
700 972 805 1020 liberari
828 991 879 1021 non
895 992 978 1039 posse.

92 1061 212 1124 Lelegem
230 1059 363 1119 advenam,
387 1056 494 1105 fortasse
512 1055 575 1104 adeo
592 1057 758 1124 Aegyptium,
780 1058 806 1105 in
822 1060 978 1124 Megaridem

24 1137 26 1139 .
92 1145 232 1211 appulisse,
254 1160 412 1209 nequaqnam
435 1142 596 1206 negaverim3
623 1144 681 1190 Beli
697 1160 759 1192 vero
779 1143 884 1192 fratrem
900 1145 978 1195 fuisse
1002 1185 1005 1188 .

91 1247 218 1298 perneg03
242 1233 415 1293 Megarenses,
431 1238 459 1275 ut
477 1228 576 1278 illustre
594 1228 618 1275 ei
634 1243 711 1292 genus
728 1228 888 1294 allingerent‚
904 1249 919 1279 a
934 1234 977 1282 Li-

92 1318 140 1380 bya
157 1316 229 1363 illum
246 1315 408 1374 derivarunt,
422 1329 505 1378 neque
522 1312 641 1375 viderunt
656 1330 706 1378 per
722 1315 843 1380 temporis
862 1317 978 1366 ordinem

91 1401 118 1451 id
133 1400 255 1451 fierinon
272 1415 354 1464 posse.
396 1384 413 1422 s

104 1495 106 1497 ’
155 1487 244 1536 Danao
263 1485 338 1548 Argis
355 1493 476 1548 regnante
489 1467 576 1533 civitas
593 1498 661 1532 noro
677 1482 834 1533 incremento
849 1497 920 1535 aucta
932 1499 977 1536 est.

90 1570 212 1627 Eoenim
230 1580 345 1633 tempore
362 1568 388 1620 in
406 1567 534 1615 Thessalia
551 1567 684 1616 Hellenica
702 1569 778 1633 stirps
800 1585 915 1621 crescere
931 1572 977 1619 im·

22 1659 23 1662 ’
90 1657 206 1724 petiique
222 1653 284 1705 fines
300 1653 429 1718 prolatare
451 1653 547 1717 incepit
564 1662 589 1700 et
605 1653 689 1717 primo
711 1655 811 1719 quidem
828 1655 976 1708 Phthiotide

91 1751 211 1806 occupata
236 1741 372 1806 eiectisque
394 1738 484 1790 incolis
501 1739 573 1785 sedes
597 1739 621 1784 in
639 1738 686 1788 hac
703 1736 771 1790 terra
787 1740 850 1792 fixit.
886 1745 977 1808 Magna

89 1819 254 1891 Pelasgorum
270 1807 337 1890 pars
347 1825 373 1876 in
390 1825 595 1889 Peloponnesum
611 1822 702 1872 abiisse
716 1834 742 1873 et
758 1826 788 1872 ab
802 1825 905 1891 Argivis
923 1837 977 1875 tan-

91 1931 165 1980 quam
187 1912 323 1977 populares
348 1910 446 1974 recepti
470 1910 595 1959 videntur.
642 1911 699 1956 Huc
725 1910 791 1957 enim
813 1910 976 1959 referendum

89 2009 152 2065 puto
171 1996 240 2063 quod
256 1995 390 2043 Pausanias
409 1995 475 2059 (Vll,
493 1998 516 2055 1,
534 1999 557 2048 3,
574 2010 600 2057 p.
615 1993 668 2047 524·
681 1992 713 2057 f.)
728 1996 805 2043 tradit
821 1995 852 2043 de
863 1996 976 2048 Archan-

91 2085 137 2134 dro
156 2093 181 2131 et
198 2081 340 2141 architae,
363 2079 458 2131 thaei
475 2079 517 2128 rel
533 2077 591 2129 filiis
608 2078 650 2127 rel
668 2079 810 2148 nepotibus.
842 2082 976 2133 Venerunt

88 2169 116 2215 hi
139 2168 229 2215 fratres
254 2183 268 2213 e
291 2164 439 2216 Phthiotide
460 2163 485 2211 in
503 2163 652 2227 Argolidum
676 2180 726 2210 non
749 2165 798 2214 soli
821 2176 905 2230 certe,
930 2167 976 2217 sed

89 2253 155 2304 haud
174 2252 412 2301 contemnendarum
430 2249 506 2297 duces
524 2250 668 2314 copiarum3
693 2266 771 2318 quare
787 2251 869 2303 Danai
886 2253 975 2317 generi

89 2338 149 2392 faeti
166 2353 196 2385 eo
215 2335 369 2387 auctoritatis
387 2344 536 2395 creverunt,
562 2344 590 2382 ut
606 2334 707 2399 Pelasgi
729 2335 910 2400 Peloponnesii
926 2329 975 2386 hm

89 2424 200 2489 golidem
224 2432 250 2475 et
266 2420 401 2470 Laconiam
423 2429 551 2479 tenentes,
578 2418 609 2465 ab
627 2419 656 2466 iis
675 2437 738 2485 quos
761 2437 846 2472 secum
864 2423 974 2476 adduxe<

88 2518 158 2569 rant,
176 2518 201 2556 et
219 2507 262 2577 qui¹
279 2502 351 2556 autea
369 2505 419 2555 iam
434 2504 464 2556 ab
482 2503 584 2555 Achaeo
595 2496 755 2558 Achaeorum
767 2523 858 2556 nomen
871 2507 973 2577 adopta

88 2603 190 2653 verant,
217 2602 247 2643 et,
259 2590 308 2657 ipsi
325 2590 426 2640 nomine
443 2589 568 2640 communi
584 2587 694 2650 Achaei,
719 2591 826 2655 proprio
846 2609 908 2643 nero
925 2596 973 2640 Ar-

88 2679 140 2745 givi
157 2678 218 2740 soli,
236 2676 317 2727 Danai
334 2674 528 2740 appellarentur.
553 2677 626 2727 Paus,
644 2674 661 2726 l,
676 2675 692 2727 l¹
709 2693 734 2739 p·
751 2678 808 2731 525.
841 2677 892 2729 Sed
910 2677 988 2730 haec*

89 2763 163 2815 etiam
175 2779 232 2822 res,
248 2771 277 2813 ut
294 2759 447 2825 antiquitatis
464 2759 520 2809 fere
537 2776 638 2820 antaee,
655 2771 818 2820 controversa
835 2772 881 2823 est,
898 2781 973 2832 quam

87 2863 149 2899 vero
167 2847 276 2913 penitius
292 2845 448 2911 perscrutari
466 2845 496 2894 ab
513 2844 562 2894 hoc
579 2862 658 2911 opere
674 2846 782 2898 alienum
797 2857 875 2911 puto3
894 2866 972 2918 quare

73 2947 142 2994 feam
159 2933 382 2999 quaestionem,
398 2948 459 2982 num
470 2931 604 2982 discrimen
617 2927 767 2995 gentilitium
779 2932 845 2982 inter
856 2933 971 2984 Achaeos

88 3026 114 3067 et
129 3017 248 3082 Pelasgos
260 3016 450 3078 intercesserit,
477 3015 594 3064 intactam
609 3015 740 3085 relinquo,
764 3017 903 3088 paucisque
918 3028 971 3066 tan-

87 3103 237 3163 tumnerhis
253 3102 314 3169 quid
329 3101 391 3152 mihi
405 3117 435 3163 ea
454 3100 486 3154 de
502 3118 531 3149 re
548 3102 664 3154 videatur
681 3117 806 3172 propono.

60 3231 64 3233 a
127 3213 129 3218 r
152 3188 243 3235 Strabo
263 3189 341 3253 (vlit,
358 3204 383 3250 p.
400 3187 460 3249 365)
478 3197 564 3240 narrat
576 3187 736 3237 Achaeorum
755 3188 879 3237 coloniam
896 3190 970 3236 a'Pe-

87 3269 147 3342 lopo
160 3273 293 3328 detortam
305 3274 330 3326 in
341 3272 545 3342 Peloponnesum
559 3273 678 3344 migrasse
683 3290 692 3338 5
706 3269 878 3325 -incolas'vero
893 3276 970 3340 (VIII,
