2139 3579
435 156 444 159 ⁴.
488 109 539 183 aa
635 187 640 195 N

66 258 156 324 quibus
173 255 289 322 Herculis
306 272 347 304 res
363 259 553 320 pertractatae
549 259 636 311 erant,
653 257 679 296 et
694 227 759 337 quae
770 244 953 293 Heraclearum

65 342 172 391 nomine
182 340 288 406 insignia
305 350 375 401 sunt,
393 342 514 405 (quorum
529 335 666 402 praecipua
678 318 737 382 siant
748 349 762 380 a
773 330 894 403 Panyasi,
911 329 953 377 Pi·

12 425 14 427 ’
65 427 156 475 sandro
174 436 199 475 et
210 425 363 487 Cinaethone
381 422 524 484 coniecta,)
542 421 575 468 ob
592 419 701 468 fontium
718 402 857 467 exilitatem
874 425 901 464 et
914 432 953 463 ar·

64 513 177 580 gumenti
196 509 369 558 confusionem
391 507 454 555 haec
471 493 585 602 quaestio
608 521 624 553 e
640 489 800 559 difficillimis
820 513 858 551 est
874 501 952 550 totius

65 595 227 661 antiquitatis.
267 596 317 650 Tot
339 587 584 661 pretiosissimorum
603 589 756 655 antiquitatis
777 596 952 637 monumento·
960 649 964 651 Ρ

64 697 121 727 ιιιιιι
128 667 236 727 iactura
255 677 337 724 nullo
344 676 420 742 modo
444 684 631 750 compensatur
638 676 732 736 aridis,
757 691 834 740 saepe
851 672 952 739 ineptis,

43 754 55 766 ²
65 747 298 827 excerptionibus,
300 778 372 827 quas
376 762 551 810 Grammaticis
568 761 624 809 aevi
636 755 791 808 recentioris
798 777 823 809 v.
817 777 868 825 ...g
865 757 952 843 Apol·

64 849 169 910 lodoro,
187 841 322 909 debemus,
346 864 497 913 quamquam
514 847 539 894 in
554 844 687 910 naufragio
703 845 840 896 universali
856 845 898 894 vel
914 840 952 892 as·

65 917 177 983 seruulus
194 942 307 983 servatus
319 933 470 999 neutiquam
489 928 745 992 sit‘contemuendust·
772 930 873 978 Utinam
882 934 968 977 'vero-

56 1009 223 1085 *ingeniosius‘
235 1018 420 1084 excerpsissent
437 1015 668 1069 Grammaticiilli!
692 1016 735 1063 De
750 1015 851 1078 fabulae
867 1014 953 1063 indole

42 1100 50 1111 ⁸
65 1115 91 1153 et
104 1104 210 1152 ‘historia
227 1103 310 1164 nihil,
332 1102 511 1169 artisnoriticae
526 1103 577 1166 ,vix
598 1101 734 1168 vestigium
741 1118 749 1163 3
773 1102 800 1149 in
822 1100 957 1150 laudandis

65 1190 176 1238 fontibus
200 1189 353 1252 negligentia
370 1204 426 1248 ,non
450 1186 595 1247 toleranda,
616 1186 702 1241 *rerba
716 1175 851 1253 congeries
867 1187 952 1253 potius

66 1287 92 1324 et
108 1274 251 1322 fabularum
267 1271 382 1337 farrago,
401 1290 476 1338 quam
493 1272 579 1330 fabula
589 1272 656 1322 bene
668 1272 778 1338 digesta„
804 1273 954 1339 Mythologi,

66 1364 103 1427 (at
121 1370 224 1426 quantas
242 1347 383 1406 excitarunt
397 1356 517 1427 'turbas!)
544 1358 685 1425 diviserunt
705 1358 798 1406 iterum
819 1360 889 1426 quod
910 1358 953 1407 alii

12 1452 14 1454 ’
66 1448 248 1506 coniunxerant
272 1454 298 1492 et
320 1458 368 1508 pro
387 1433 484 1493 uiribus
501 1443 666 1509 restituerunt
683 1445 820 1493 Herculem
837 1442 953 1509 Tyrium,

67 1531 230 1597 Aegyptium,
249 1530 409 1590 Cretensem,
426 1527 576 1593 Thebanum
594 1529 655 1591 etsi
667 1529 723 1577 Diis
734 1517 818 1595 placet
828 1512 968 1579 Doricum

11 1647 21 1659 ι
66 1629 91 1667 et
107 1616 233 1677 indefesso
248 1615 339 1671 ¹studio
357 1615 441 1662 lucem
464 1612 597 1677 effundere
616 1615 789 1662 allaborarunt
805 1625 953 1681 argumento

66 1704 134 1768 quod
150 1703 237 1776 spissa
249 1700 356 1765 ealigine
373 1699 495 1748 obrutum
511 1710 573 1747 erat.
619 1700 654 1747 At
674 1697 807 1748 historia
830 1700 953 1750 fabulae

65 1788 200 1868 copiosa
208 1785 369 1834 desideratur
383 1784 480 1845 adhuc,
502 1801 577 1851 quam
594 1786 688 1833 utinam
706 1785 767 1834 date
783 1787 859 1848 velit,
875 1801 953 1851 penes

53 1875 143 1939 'quem
160 1883 198 1922 est
215 1871 325 1920 eruditio
343 1880 369 1919 et
384 1870 477 1935 peritia
493 1871 518 1918 in
535 1872 671 1919 tractandis
688 1872 812 1920 eiusmodi
829 1873 954 1938 quaestio-

64 1958 145 2006 nibus
183 1959 236 2005 Res
253 1958 358 2022 egregie
372 1956 433 2005 iam
439 1966 477 2005 est
492 1967 643 2021 praeparata
665 1957 780 2007 virorum
803 1974 954 2024 magnorum

51 2043 167 2104 studiis,
184 2026 348 2107 praesertim,
365 2059 398 2090 ne
410 2041 497 2109 plures
510 2042 650 2104 nominem,
668 2044 803 2105 Creuzeri,
820 2044 891 2092 cuius
903 2060 955 2092 me·

64 2130 113 2178 rita
129 2130 266 2203 praeconio
284 2145 335 2179 non
353 2124 480 2194 indigent,
508 2128 579 2177 etR
598 2129 630 2178 Ο.
647 2129 766 2178 Muelleri
792 2129 829 2196 (in
845 2130 954 2204 Dorien-

65 2216 163 2264 sihusl
168 2217 265 2280 ,1Ρ
233 2214 281 2268 41
269 2220 354 2280 1sqq
378 2224 405 2264 et
426 2214 452 2262 in
469 2214 618 2280 Appendice
634 2215 669 2276 Π,
691 2233 717 2281 Ρ.
734 2214 785 2270 463
799 2216 882 2286 sqq.);
893 2215 955 2282 qui

32 2299 35 2305 ’
66 2303 161 2366 optime
179 2299 277 2349 difficili
293 2301 359 2349 huic
371 2300 455 2349 labori
471 2318 547 2367 pares
563 2299 684 2364 fuissent,
701 2301 750 2350 nisi
765 2301 823 2350 finis
840 2302 956 2352 diversus

65 2386 91 2434 in
107 2386 167 2435 alias
185 2369 343 2452 quaestiones
360 2386 428 2452 ipsos
441 2387 598 2435 abduxisset.
664 2439 666 2442 ,
703 2431 705 2434 ,
1002 2369 1006 2377 ¹

123 2461 193 2518 'Mihi
210 2472 312 2536 quidem
329 2478 424 2538 neque
435 2474 460 2521 in
477 2459 524 2522 hac
542 2471 689 2539 quaestione
709 2488 793 2539 neque
811 2464 912 2522 omnino
928 2456 965 2522 in¹

66 2567 175 2604 mentem
193 2557 287 2617 venire¹
303 2558 387 2623 potuit
408 2558 538 2608 historiam
552 2553 721 2608 conscribere
739 2559 840 2608 fabulae
858 2561 954 2609 Hercuss
979 2601 981 2604 .

27 2655 30 2658 ·
67 2644 111 2703 lis,
138 2661 216 2709 quum
233 2644 315 2692 desint
331 2644 399 2694 vires
419 2657 444 2695 et
462 2646 561 2695 consilii
579 2646 679 2708 diversa
695 2647 818 2694 ratio-me
834 2654 955 2708 revocet3

67 2748 83 2800 a
96 2728 229 2797 proposito
245 2746 302 2785 meo
320 2731 382 2791 adeo
401 2743 439 2781 est
455 2734 579 2794 alienum,
597 2731 666 2799 quod
682 2742 788 2797 repeto,
807 2748 893 2781 omnes
903 2736 956 2782 He·

66 2817 219 2866 raclidarum
235 2817 313 2864 lineas
330 2808 465 2884 persequi,
478 2872 482 2877 g
493 2837 569 2886 quum
588 2816 681 2868 omnes
694 2819 792 2867 tellum
808 2819 956 2882 Timauum,
971 2868 973 2871 ,
1032 2852 1039 2863 κ

15 2904 17 2907 ’
66 2903 160 2971 laboris
184 2903 234 2952 mei
256 2904 407 2967 terminum,
431 2907 569 2966 ex-cedant3
589 2905 660 2953 nihil
684 2905 752 2954 aliud
776 2916 859 2954 autem
877 2906 956 2968 volui,

68 3006 142 3055 quam
159 2989 291 3055 primarias
302 2991 407 3056 aliquot
421 2993 615 3043 Heraclidarum
633 2992 823 3057 stirpes‘usque
840 2992 871 3040 ad
889 2992 956 3041 redi÷
1025 2985 1027 2988 ’

68 3084 120 3129 tum
139 3076 163 3122 in
178 3077 382 3142 Peloponnesum
400 3089 426 3128 et
443 3079 544 3128 condita
560 3078 597 3127 ibi
613 3094 692 3143 regna
703 3078 798 3127 Dorica
810 3076 956 3146 deducere}

67 3161 164 3225 reliqua
181 3173 300 3228 tanquam
322 3164 404 3213 aliena
429 3155 471 3215 vel
489 3158 714 3214 'inuritiasssenio
732 3164 957 3230 piaetermittenda
1029 3200 1031 3203 .

1 3308 3 3311 ἱ
68 3244 134 3292 duxi.
159 3248 231 3320 Quae
248 3250 328 3313 enim,
346 3262 373 3300 ut
387 3253 504 3318 exemplo
518 3262 590 3313 utar,
606 3250 700 3300 utilitas
717 3251 860 3307 redundare
872 3260 958 3317 potest

738 3340 784 3393 ,a
