2139 3579
141 279 250 349 Molem·
270 280 450 337 Eteoclifilius
468 284 610 352 (Medonffi
636 295 674 335 est
697 286 728 334 ad
746 285 907 347 ll.IV‚l107.
931 304 956 353 p.
972 285 1030 348 489,
1067 297 1068 300 ’

137 357 189 421 'ubi
205 375 335 439 Capaneus
360 374 434 421 etiam
453 372 566 438 Stheneli
587 383 661 438 pater
684 388 715 419 ex
735 370 782 419 hac
799 371 893 426 familia
909 373 1029 421 occurrit.

143 462 208 506 Num
227 460 252 506 in
269 460 316 507 hac
332 458 502 522 descriptione
520 457 645 524 erraverit
662 442 821 519 Euanthius,
846 476 876 506 an
894 458 956 506 alios
973 474 1030 506 auc·

143 555 212 593 tores
228 543 301 592 nobis
318 543 460 607 incognitos
477 553 578 591 secutus
595 544 646 605 sit,
660 542 765 612 definire
781 559 830 590 non
842 543 937 604 audeo3
956 531 1030 591 abeo

142 630 213 691 solo,
232 640 351 698 quantum
364 629 432 689 scio,
448 610 925 694 Anaxagoras‚ategapeniheomiss0‚
941 629 1030 677 Proeti

141 713 207 762 filius
228 714 371 762 nominatur
394 723 421 761 et
440 713 509 778 lphis
526 715 698 780 Anaxagorae.
737 715 838 762 Eteocli
858 725 956 780 patrem
979 730 1030 762 non

141 800 266 860 nominat3
288 801 333 848 sed
352 815 449 847 errasse
465 799 526 847 mihi
543 817 593 848 non
610 800 714 859 videor,
731 800 753 847 si
770 817 801 848 ex
820 800 927 847 aliorum
944 811 1029 849 aucto-

141 884 317 951 ritate-Iphidi
333 901 391 933 eum
409 877 546 951 subiungo.¹
576 887 652 951 Apud
665 886 770 933 Pindari
786 884 952 934 Schotiastam
964 887 1036 941 dna-v

134 988 251 1036 angores
269 976 363 1018 nomeu
378 971 501 1019 excidisse
518 971 560 1019 vix
577 959 665 1022 dubito
671 985 679 1031 3
707 970 788 1018 refert
806 972 873 1018 enim
889 967 1029 1019 Enarrator

141 1074 173 1105 ex
191 1057 310 1126 opinione
327 1057 454 1105 communi
475 1058 513 1121 (οἱ
529 1055 556 1106 δέ
573 1058 654 1121 φασι,
673 1056 741 1122 quod
760 1056 866 1122 opponit
881 1037 1028 1105 narrationi·

140 1142 187 1190 bns
204 1141 361 1196 Menaechmi
374 1152 403 1190 et
420 1141 641 1211 menachicam„
656 1158 670 1189 e
688 1159 737 1207 qua
755 1143 916 1207 Anaxagoras
940 1135 1028 1194 abesse

140 1244 190 1275 non
207 1227 306 1292 potuit,
323 1244 402 1292 quum
419 1228 449 1274 ab
466 1227 540 1275 hoc
532 1245 588 1293 ipso
606 1228 654 1276 toti
671 1226 779 1275 familiae
794 1217 1033 1292 Anaxagoridaium‘

60 1313 68 1355 ἶ
139 1330 232 1361 nomen
248 1312 356 1384 inditum
374 1324 426 1373 est,
449 1314 520 1361 cuius
537 1315 603 1362 idem
623 1313 788 1364 Scholiasta'
780 1331 806 1360 1n
823 1314 1027 1369 antecedentibus

139 1400 294 1449 mentionem
310 1398 371 1448 facit
386 1426 423 1437 -
436 1400 489 1451 τῶν
506 1382 729 1469 Ἀναξαγοριδῶν.
748 1428 780 1438 -

358 1709 805 1796 Passrtsrnluau
873 1713 930 1763 s*

467 1863 550 1898 carna
570 1860 696 1913 omarum.

547 1983 616 1995 -ι-

449 2076 707 2128 unaucuinam

202 2169 322 2219 Omnium
338 2158 457 2215 Herculis
473 2146 911 2234 liberornmjpro‘sapiam”persequi
924 2180 1024 2218 nonest
1062 2188 1068 2193 ¹

136 2255 188 2303 mei
212 2253 326 2315 consilii3
352 2269 429 2319 quum
451 2251 589 2300 multorum
612 2252 712 2300 nonnisi
735 2254 835 2301 nomina
852 2265 949 2303 servata
966 2256 1023 2317 siut,

136 2342 179 2390 alii
196 2358 259 2391 reno
276 2340 447 2388 recentiorum
470 2325 570 2384 tantum
584 2321 742 2401 arrogantiae
766 2339 890 2403 originem
906 2340 1023 2402 debeant,

136 2429 232 2494 quippe
251 2426 295 2491 qui
312 2425 344 2473 ad
360 2423 499 2488 augendam
515 2423 605 2488 populi
622 2424 664 2472 vel
681 2423 766 2488 stirpis
785 2425 892 2489 gloriam
910 2426 941 2473 ad
957 2428 1023 2475 Her-

136 2515 219 2564 oulem
242 2510 397 2560 adscendere
422 2507 538 2560 amabant
559 2509 634 2574 eique
658 2508 738 2557 filium
760 2496 911 2578 affingebant
935 2529 948 2559 a
971 2529 1022 2578 quo

135 2601 184 2666 ipsi
200 2598 298 2646 scilicet
315 2606 386 2651 etant
405 2594 513 2643 oriundi
556 2585 602 2643 His
620 2596 725 2661 aliisque
743 2591 915 2646 commentis'
908 2599 1030 2661 immanis·
1055 2637 1068 2645 .,

135 2688 178 2734 itta
195 2684 305 2732 filiorum
322 2698 393 2769 seges
411 2691 466 2729 orta
484 2692 535 2742 est,
554 2680 632 2745 (filiae
649 2683 714 2728 enim
731 2676 895 2752 paucissimae
912 2676 1020 2733 comme

122 2758 277 2840 motantur)
302 2764 377 2836 quam
398 2766 524 2833 ignorarit
548 2766 629 2814 honus
645 2770 785 2828 Homerus,
811 2786 887 2834 quum
903 2770 1021 2825 Herculis

75 2869 77 2872 ’
135 2859 219 2907 fabula
237 2867 294 2904 ante
311 2858 445 2921 poetarum
461 2863 560 2918 patrem
582 2870 633 2901 non
651 2854 742 2923 erimic
763 2853 937 2920 siequentata‚
962 2867 1022 2921 post

81 2934 83 2937 Α
135 2946 189 2993 eius
214 2953 329 3008 tempora
351 2940 489 3012 praecipuo
512 2938 621 3005 quodam
644 2955 731 2988 amore
750 2951 828 3005 ,atque
844 2940 928 2993 studio
945 2943 1020 3005 culta,
1038 2931 1041 2935 ⁴

135 3025 270 3089 exornata,
286 3026 404 3092 ampliata
420 3025 467 3086 sit,
485 3025 566 3074 donec
582 3025 719 3075 multorum
736 3013 866 3074 hominum
882 3025 959 3075 rebus
977 3045 1019 3094 ge-

134 3119 178 3167 stis
194 3103 314 3164 inunum
330 3111 469 3161 Herculem
486 3110 610 3177 congestis
627 3128 658 3160 eo
676 3111 757 3162 crevit
773 3111 850 3177 ipsius
867 3109 966 3176 fabula,
986 3127 1020 3164 vut

134 3205 203 3254 solus
216 3189 349 3252 solumina
365 3198 415 3247 sihi
431 3208 527 3263 poscat.
560 3198 595 3247 At
605 3186 683 3264 quum
694 3191 862 3257 vetustissima
874 3194 941 3249 circa
954 3201 1018 3250 hanc

133 3308 189 3341 rem
207 3285 367 3338 monumenta
382 3284 520 3350 perierint,
544 3284 612 3332 etin
629 3283 667 3332 his
685 3284 767 3334 omnia
784 3284 827 3333 illa
844 3283 967 3351 carmina,
992 3289 1016 3336 in
