2139 3579
530 162 570 221 51

107 320 124 354 e
138 304 255 371 pluribus
270 302 333 353 locis
350 301 480 364 videmus,
507 300 557 351 Od.
574 300 621 362 ΙΙΙ,
637 295 694 357 487.
719 301 776 363 XV,
793 301 849 357 186·
871 302 943 364 XXI,
961 303 992 354 15

107 408 163 457 sqq.
203 390 337 438 Caeterum
352 388 415 437 haee
432 387 526 437 familia
542 402 617 436 sensu
632 386 739 453 proprio
762 385 833 452 regia
848 385 926 454 fuisse
942 402 993 434 non
1014 388 1015 391 ’

106 477 223 538 videtur3
249 475 362 542 quamvis
386 474 453 523 enim
463 477 581 540 ‘'Homer.
598 473 628 522 ll.
643 475 676 537 V,
692 472 742 529 516
765 471 797 520 de
819 473 957 527 Orsiloeho
974 475 992 521 Ι.

107 562 186 611 dicat:
214 557 246 618 ὃς
267 560 403 626 (Alpheus)
427 561 515 614 τέκετ’
530 559 698 633 Ὀρσίλοχον
719 556 842 611 πολέεσσ’
858 554 992 631 ἄνδρεσσιν

106 643 225 706 ἄνακτα,
243 655 327 695 tamen
344 663 434 717 nocem
452 649 658 714 urgendamnon
674 644 789 695 existimo
798 660 806 706 3
826 644 910 710 primo
927 646 993 694 enim

107 732 133 781 in
150 731 270 798 catalogo
290 748 374 799 neque
391 733 521 784 Orsilocbi
543 732 729 798 Crethonisque
749 746 832 796 neque
852 730 993 780 Pherarum

107 818 205 867 mentio
222 828 274 880 est,
291 819 359 886 quod
376 817 433 869 fieri
449 819 589 882 debuisset,
612 819 633 867 si
650 817 752 885 gemelli
768 817 806 864 illi
821 826 938 883 tauquam
955 819 994 866 sni
1022 817 1025 822 ⁴
1057 863 1063 876 ,

107 905 170 954 iuris
189 920 267 971 reges
291 905 322 953 ad
338 905 442 953 Troiam
463 888 549 971 copias
573 905 718 964 duxissent3
743 902 836 951 deinde
858 902 907 952 hae
924 906 994 970 ipsae

108 991 223 1053 Pherae,
241 990 288 1040 ubi
304 990 403 1038 Dioclis
419 973 466 1036 filii
482 1006 601 1056 regnasse
616 974 722 1055 putandi
739 985 810 1048 sunt,
832 988 863 1036 ab
879 974 997 1043 Homero¹

109 1077 138 1125 ll.
155 1078 199 1139 IX,
215 1080 272 1132 151.
288 1078 338 1128 293
354 1075 421 1124 inter
439 1091 481 1124 eas
497 1074 574 1124 urbes
590 1083 769 1135 recensentur,
786 1091 847 1141 quas
864 1077 995 1141 Agamem-

108 1179 160 1212 non
177 1162 287 1224 Achilli,
303 1172 421 1228 tanquam
437 1160 505 1211 filiae
523 1162 609 1211 dotem
626 1160 716 1222 offert,
732 1160 800 1208 unde
814 1160 996 1226 Agamemnoni

109 1249 288 1315 casparuisse
310 1246 470 1296 manifestum
491 1257 537 1296 est.
581 1250 638 1308 dam
660 1257 713 1295 tum
737 1247 803 1294 intur
820 1248 931 1297 Graecos
952 1266 995 1298 ve·

110 1336 183 1400 stigia
199 1336 254 1384 eius
270 1332 432 1393 institutionis
449 1348 586 1382 occurrere
601 1333 735 1392 videntur,
756 1349 831 1397 quam
844 1348 890 1382 nos
903 1351 995 1395 nerum

110 1419 236 1469 feodalem
254 1421 385 1469 nominare
401 1419 519 1469 solemus.
549 1419 600 1471 ,De
620 1418 725 1467 urbibus
743 1418 781 1466 bis
798 1430 871 1485 parte
887 1421 996 1469 secunda
1067 1444 1068 1447 ¹

110 1507 196 1572 operis
214 1506 336 1573 quaedam
353 1506 477 1555 dicentur.
524 1519 527 1523 ’
833 1550 837 1555 ,

174 1594 216 1641 De
230 1594 365 1650 Automate
383 1601 409 1640 et
424 1591 517 1659 Scaea,
533 1590 616 1638 Danai
630 1590 744 1651 filiabus,
765 1606 830 1655 quae
847 1578 995 1655 Arclrandrp

91 1673 138 1728 ‘et
153 1677 277 1727 Architeli
293 1687 448 1743 nupserunt,
474 1665 569 1725 dictum
586 1677 635 1724 iam
653 1687 721 1732 est.·3
740 1675 880 1748 Anaxithea
897 1678 928 1725 ab
946 1669 996 1726 Eu-

111 1764 204 1815 statbio
224 1775 420 1813 commemorata
446 1763 539 1812 frustra
563 1761 630 1827 apud
654 1762 839 1828 Apollodorum
858 1765 996 1829 quaeritur.

111 1850 153 1899 Ab
169 1849 276 1898 Homeri
292 1852 447 1898 Enarratore
469 1850 513 1915 (ad
530 1849 559 1896 11.
574 1849 619 1910 XI,
636 1851 692 1905 756.
709 1866 734 1915 p.
751 1851 812 1917 883,
830 1849 847 1897 l.
865 1851 892 1914 2)
920 1850 997 1899 Oloni

110 1947 194 1986 mater
209 1935 374 2002 perhibetur,
392 1932 425 2001 (a
435 1951 486 2002 quo
498 1935 609 1984 Olenum
624 1934 714 1983 urbem
732 1936 857 1984 conditam
874 1935 997 2001 tradunt),

111 2023 157 2071 sed
173 2022 228 2070 sine
246 2021 325 2087 patris
341 2022 456 2082 nomine;
477 2021 527 2068 alio
540 2036 603 2068 vero
615 2021 673 2089 loco
687 2021 734 2086 (ad
747 2021 776 2069 Il.
790 2022 820 2082 ΙΙ,
835 2023 892 2075 616.
909 2040 934 2087 p.
948 2022 998 2077 301

112 2109 190 2172 tto)
215 2106 324 2157 eundem
346 2106 490 2156 Eusta'tbius
508 2106 622 2155 nominat
642 2107 713 2157 Jovis
736 2105 830 2169 lilium,
856 2106 904 2156 fuit
920 2107 997 2173 igitur

39 2219 47 2223 ¹
112 2194 210 2243 Olenus
228 2193 299 2241 Jovis
317 2203 343 2241 et
358 2193 513 2242 Anaxitbeae
531 2192 606 2241 filius.
638 2193 699 2241 Fuit
714 2191 822 2240 fortasse
834 2193 997 2243 emaioribns

112 2277 269 2338 Dexameni,
287 2277 365 2328 Oleni
380 2278 464 2345 regis,
481 2279 513 2328 de
531 2296 582 2346 quo
598 2280 733 2329 Pausanias
745 2277 865 2344 pluribus
881 2273 957 2342 locis,
973 2298 997 2331 v.
1018 2335 1020 2340 ,

112 2381 138 2431 g.
153 2366 211 2426 Vll,
226 2368 266 2425 18,
284 2370 312 2418 1.
329 2381 356 2429 p.
371 2367 420 2420 567
437 2366 544 2414 Herculi
561 2381 619 2413 cum
635 2365 691 2431 ipso
705 2352 842 2430 hospitium
854 2363 920 2431 vfuit3
946 2347 998 2414 for-

111 2460 178 2499 tasse
197 2447 230 2498 ob
248 2450 437 2515 cognationem
461 2461 575 2500 ceterum
597 2451 673 2500 etiam
692 2451 768 2517 Oleni
788 2435 894 2517 stirpem
917 2449 947 2499 iis
963 2449 998 2499 la-

111 2535 188 2584 miliis
204 2536 416 2584 adnumerandam
434 2533 539 2598 censeo,
562 2535 627 2603 quae
644 2537 730 2602 regiae
748 2537 863 2603 quidem,
885 2537 931 2585 sed
947 2554 1004 2586 non*
1038 2526 1040 2530 ἵ

112 2621 152 2669 sui
167 2620 230 2669 iuris
247 2620 328 2669 fuere.
361 2622 402 2670 De'
417 2623 570 2684 Dexamene
582 2622 657 2688 plura
671 2624 722 2671 alio
739 2624 804 2671 loeo.
882 2602 883 2608 ἵ

178 2706 230 2754 Sed
246 2716 347 2772 tempus
365 2716 403 2755 est
421 2718 449 2755 ut
465 2708 598 2756 redeamus
615 2709 646 2756 ad
662 2711 874 2779 Hypermnestrae
891 2691 916 2758 et
933 2713 998 2775 Lyn-

113 2792 153 2842 cei
168 2801 293 2858 posteros.
326 2791 408 2853 Abas,
425 2793 520 2858 Lyncei
536 2793 616 2856 filius,
633 2794 857 2859 Ocaleam-duxit,
880 2779 1017 2845 lllantineiv

112 2877 197 2927 filiam.
231 2880 277 2946 Dev
289 2878 396 2926 nominis
413 2877 494 2927 {orma
510 2881 622 2945 Heynius
639 2881 703 2930 dixit
719 2892 744 2936 et
761 2881 839 2943 bene,
862 2883 998 2947 opinor,e

112 2964 425 3031 ceh01.Eurip.0r.965
440 2965 569 3032 Ἀγλαΐας
585 2960 767 3029 restituendum
782 2948 999 3034 iudicaricprae-
1061 3009 1063 3012 .

113 3051 201 3100 sertim
218 3068 297 3117 quum
314 3036 436 3099 Codicum
452 3052 528 3101 lectio
545 3048 643 3103 ud'boe
660 3069 751 3102 nomen
768 3053 876 3116 alludat.¹
905 3054 1000 3105 Ocalea

114 3138 183 3197 enim
199 3128 261 3186 urbs
277 3138 399 3186 Boeotiae
417 3142 504 3203 (Hom.
521 3134 595 3203 tt'lt,
613 3141 673 3203 501)
690 3140 741 3186 buc
756 3133 885 3203 pertinere
898 3156 951 3188 non·
962 3142 999 3190 vi-

115 3223 197 3274 detur.
232 3224 385 3284 Mantineus,
405 3234 479 3289 pater
497 3221 563 3289 eius,
581 3222 647 3275 inter
664 3214 787 3289 Lycaonis
803 3222 869 3273 filios
883 3241 1001 3275 recense·

116 3319 165 3358 tur.
196 3309 356 3375 Apollodoro
372 3312 407 3375 ll,
423 3312 460 3375 2,
470 3315 492 3366 1.
511 3326 536 3377 p.
553 3315 601 3369 127
617 3311 756 3361 Mantineus
773 3322 894 3380 vocatur,
912 3313 957 3375 111,
974 3317 999 3377 8,
