2139 3579
489 105 542 198 ua

77 279 168 346 'ripidei
191 276 241 327 fide
263 277 360 344 Argeas
382 278 402 328 s.
425 281 523 345 Argus,
553 275 570 327 e'
589 273 723 328 traditione
745 272 808 328 rere
831 280 957 327 communi

76 368 248 429 Anaxagoras,
276 365 345 413 cuius
362 365 408 412 sub
425 363 590 430 imperiores
614 365 736 431 quaedam
753 364 857 426 accidit,
883 382 958 431 quam

76 453 216 501 memoratu
226 449 402 514 dignissimam
419 450 444 496 in
464 450 542 498 causis
560 451 627 498 veris
642 460 801 515 perspectam
818 467 867 498 non
881 450 957 499 hahe-

76 554 130 586 mus
153 546 181 585 et
202 536 246 586 vix*
266 552 376 601 unquam
399 534 560 595 habebimus,
587 535 619 583 de
635 535 735 601 imperii
753 536 876 585 divisione
899 553 957 584 cum

75 618 264 687 Amythaonidis
281 615 386 686 loquor,
413 635 476 685 quae
498 635 538 666 res
561 619 603 667 vel
619 619 668 685 ipsi
684 622 820 670 Pausaniae
838 631 888 671 tam
906 621 956 683 sin·

76 709 167 775 gadaris
184 708 237 758 visa
254 717 304 767 est,
328 715 356 753 ut
377 706 444 753 solos
463 705 617 754 Graecorum
634 702 743 770 Argivos
765 707 790 754 in
813 709 861 755 tria
878 725 955 773 regna
1010 753 1012 758 .

76 793 169 844 divisos
186 808 260 840 nosse
277 788 426 852 affirmaret,
442 792 473 851 11,
491 793 530 852 18,
546 792 681 855 lt.‘p.150.
714 783 778 838 Mihi·
792 792 893 858 quidem
905 809 956 841 nou

75 890 125 928 tam
146 894 252 942 regnum
274 877 427 942 tripartitum
444 877 544 926 videtur
560 867 768 942 mirumpquam
790 876 955 926 divisionis

76 962 179 1024 causa3
195 963 264 1011 illius
282 963 349 1010 enim
366 962 405 1010 rei
420 962 494 1028 plura
511 961 537 1008 in
553 960 657 1010 historia
675 962 902 1027 Graecaprostant
914 979 956 1011 ex·

76 1050 173 1114 empia,
191 1050 285 1114 etipse
302 1048 450 1108 Pausanias,
466 1065 555 1113 parum
571 1063 683 1108 memor,
705 1049 817 1113 apposita
834 1049 956 1115 quaedam

75 1131 163 1197 tradit,
182 1135 218 1183 sic
235 1147 259 1197 v,
276 1152 299 1199 g.
317 1135 397 1183 Elidis
414 1132 672 1199 imperium‘divisum
689 1144 743 1182 erat
759 1134 825 1184 inter
834 1137 956 1201 Augcam,
996 1117 998 1120 ι

67 1212 436 1284 'Amarynceumetdctoridas
454 1221 497 1285 (V,
515 1224 538 1281 1,
556 1222 578 1274 7.
592 1220 616 1272 8.
634 1206 744 1284 Ρ.”377);
761 1238 867 1287 regnum
876 1202 956 1271 Troe·
988 1273 989 1277 ,

74 1307 174 1371 aenium
192 1305 258 1354 inter
274 1305 376 1354 Aetium
399 1317 424 1354 et
440 1308 597 1354 Troezenem
613 1305 791 1373 Pittheumque
812 1307 956 1372 Pelopidas,

41 1443 45 1446 a
73 1422 106 1432 —
127 1389 250 1455 βασιλεῖς
266 1390 312 1460 μὲν
331 1391 402 1461 ’τρεῖς
419 1389 477 1442 ἀντὶ
496 1389 555 1446 ἑνός
573 1378 702 1456 ἐγένοντο.
716 1375 801 1439 Paos.
818 1392 852 1454 Π,
869 1397 914 1454 30,
931 1396 955 1449 8.

73 1466 224 1543 Praecipuae
241 1477 381 1542 reigestae‘
398 1476 554 1524 narrationes
577 1475 730 1539 recensebo,
756 1478 824 1526 unde
843 1477 956 1544 perspici

73 1564 166 1630 possit,
185 1562 312 1629 quomodo
329 1561 415 1610 fabula
430 1561 522 1625 sensim
537 1553 680 1628 sensimque
696 1573 790 1611 mutata
807 1564 847 1612 sit.

138 1642 262 1699 Ordinem
284 1645 366 1706 ducat⁴
381 1651 523 1711 Homerus,
550 1648 595 1714 qui
616 1659 645 1696 ut
667 1650 747 1703 solet.
772 1649 954 1716 simplicissime

72 1756 125 1787 rem
144 1745 238 1802 gestam
253 1744 352 1803 narrat,
377 1744 403 1783 et
417 1735 474 1783 'sine
492 1734 728 1800 illo'prodigiorum
745 1735 822 1796 fastu,
846 1752 896 1802 quo
913 1753 954 1784 re-

72 1823 191 1872 centioris
214 1820 270 1869 aevi
292 1809 614 1886 scriptoresssplendorem
631 1826 770 1886 quaerunt3
797 1839 875 1887 quare
892 1823 954 1870 nati-

73 1925 129 1959 vam
145 1907 188 1958 rel
208 1916 278 1955 certe
295 1906 396 1956 veritati
413 1907 529 1972 proxime
547 1906 707 1970 accedentem
730 1905 830 1966 fabulae
846 1907 954 1956 {ormam

30 2018 31 2021 ¹
71 1993 192 2046 exhibere
209 1993 253 2040 ille
268 1992 393 2057 putandus
410 2003 455 2040 e‘st.
487 1992 599 2040 Duobus
611 1993 760 2058 praesertim
778 1993 840 2048 locis
856 1993 904 2041 hac
921 1993 954 2040 de

70 2096 100 2127 re
118 2078 169 2145 agit
184 2080 325 2141 Homerus3
346 2079 372 2126 in
390 2078 501 2142 Odyssea
518 2078 565 2140 XI,
581 2065 630 2134 987
646 2089 744 2145 sqq2et
760 2081 816 2140 XV,
833 2081 882 2134 923
898 2096 953 2145 sqq.

70 2151 138 2212 Nihil
155 2164 192 2211 ibi
207 2181 291 2230 neque
308 2164 340 2214 de
357 2164 519 2213 Proetidibus
536 2179 619 2231 neque
636 2165 668 2213 de
686 2164 835 2213 mulieribus
852 2165 953 2230 Argivis

68 2249 157 2301 furore
174 2244 285 2317 abreptis
291 2268 299 2313 3
317 2251 464 2317 simpliciter
481 2250 555 2299 dicit:
594 2294 596 2297 .

234 2364 266 2377 -
284 2337 297 2390 ὁ
316 2336 336 2388 δ’
351 2322 443 2409 ἄλλων
461 2336 533 2389 ἵκετο
552 2335 632 2406 δῆμον

128 2420 229 2497 ’Ἄργος
249 2422 275 2480 ἐς
293 2409 460 2486 ἱππόβοτον·
479 2424 541 2476 τόθι
558 2423 609 2493 peip
628 2418 658 2474 οὐ
677 2426 701 2475 οἱ
718 2422 821 2495 αἴσιμον
840 2416 882 2494 ἦεν

134 2511 283 2580 occeperat,
299 2507 439 2562 πολλοῖσιν
458 2507 597 2562 ἀνάσσοντ’
614 2496 782 2579 Ἀργείοὶσιο·

135 2596 201 2650 ἔνθα
219 2597 240 2647 δ’
253 2590 334 2666 ἔγημέ
351 2597 478 2661 γυναῖκα,
498 2594 541 2647 aui
559 2591 700 2667 ὑψερεφὲς
718 2596 784 2649 θέτο
804 2596 885 2669 δῶμα.
905 2624 937 2639 -

69 2682 137 2730 Nihil
154 2684 231 2755 igitur
248 2684 280 2731 de
297 2699 385 2731 causa
402 2681 503 2749 imperii
521 2681 608 2744 dirisi,
624 2682 672 2730 uisi
689 2681 753 2732 hanc
769 2684 795 2731 iu
812 2684 897 2735 verbis
914 2681 951 2737 ’ἔν-

69 2772 106 2818 θα
125 2767 144 2818 δ’
162 2768 242 2840 ἔγημε
259 2770 373 2835 γυναῖκα
398 2785 520 2835 quaerere
537 2768 600 2818 velis
624 2763 665 2806 -ἱ
679 2768 810 2818 historiam
833 2781 952 2819 antece-

70 2847 187 2903 dentem
204 2843 328 2904 hocloco
346 2871 562 2917 non'moror—,
586 2854 680 2917 itaut,
704 2856 773 2921 quod
791 2873 951 2910 cumrerum

68 2949 157 2989 natura
187 2941 295 2989 maxime
324 2943 459 3004 convenit,
499 2940 623 2989 affinitatis
646 2940 702 2989 iure
728 2942 829 3008 imperii
853 2943 951 3009 portio-

68 3041 126 3072 nem
143 3029 306 3093 capessivisse
329 3029 461 3091 ridcutur3
489 3028 578 3077 eodem
603 3036 732 3076 stemmata
759 3028 881 3094 quaedam
905 3030 951 3079 du-

70 3114 260 3173 cerevidimus.
294 3118 435 3164 Memoratu
452 3115 555 3179 dignum
569 3114 643 3162 etiam
661 3124 713 3176 est,
731 3115 761 3186 ait
770 3117 883 3164 Homero
897 3118 950 3164 Me·

51 3241 53 3244 .
68 3195 191 3263 lampadis
209 3200 312 3251 fratrem
330 3202 431 3268 quidem
449 3201 597 3263 memorari,
615 3202 668 3268 eius
684 3200 747 3250 vcro
764 3218 855 3251 nomen
870 3203 949 3269 impe·

68 3281 183 3350 riumque
202 3304 259 3337 cum
283 3305 313 3337 ee
331 3288 539 3339 communicatum
561 3289 659 3339 silentio
682 3290 756 3355 plane
772 3290 948 3355 praetermitti.
