2139 3579
524 155 577 218 tao

105 295 166 359 383)
185 294 216 342 ah
233 295 349 356 Achaeo,
367 293 445 342 Xuthi
462 292 528 355 filio,
546 309 577 342 ex
590 294 672 342 Attica
684 294 709 342 in
721 295 989 362 liaconiamtc'onfugo,

106 382 222 430 Achaeos
240 382 377 447 appellatos
396 397 457 428 esse.
497 383 531 429 At
553 379 650 429 constat
671 381 737 435 inter
758 399 844 431 omnes
862 384 1003 450 Argolidis

108 479 133 517 et
149 469 274 516 Laconiae
297 468 390 520 incolas
409 478 465 515 ante
488 467 650 516 Doriensiuur
671 468 824 521 invasionem
841 487 925 518 meros
942 473 990 518 Pe-

107 557 190 621 lasgos
207 549 283 603 fuisse
307 555 337 602 ab
354 555 424 602 'omiti
443 555 567 603 eleruento
585 554 721 603 adventitio
743 549 834 620 puros(
869 557 896 607 ,Si
913 556 989 621 igitur

107 642 206 690 colonia
223 639 375 705 immigrav'it
392 641 545 690 cThessalia
562 641 587 688 in
597 641 759 706 Argolidem,
776 639 989 709 Pelasgica'certe

106 729 167 788 fuit,
194 744 277 793 neque
301 743 361 775 vero
379 727 517 776 Hellenica.
556 729 593 775 Ne
617 728 683 775 enim
704 720 795 794 loquar
820 730 851 778 de
868 722 989 797 temporis

108 815 270 875 difficultate,
293 813 348 880 quis
367 814 467 861 tandem
483 814 532 861 sibi
548 814 722 879 persuadebit,
740 815 859 864 Hellenes
876 817 989 882 quitum

108 903 150 952 vel
166 904 275 950 maxime
294 917 351 949 cunr
369 900 497 952 ueteribus
514 896 658 954 Thessaliae
676 901 764 949 incolis
783 902 816 950 de
831 911 914 950 terrae
931 918 989 968 pos·

108 989 219 1037 sessione
237 986 434 1048 contendebant,
460 994 486 1033 et
501 980 575 1051 ineo
592 984 640 1033 iam
659 997 729 1035 erant
748 997 776 1035 ut
793 1005 807 1035 e
824 982 989 1054 maxima'pa-

108 1076 172 1124 triae
189 1084 261 1140 parte
276 1074 399 1139 Pelasgos
416 1072 537 1120 eiicerent
559 1072 638 1137 (quod
656 1073 758 1139 quidem
772 1090 823 1141 uon
839 1075 915 1140 longe
931 1085 990 1140 post

107 1162 200 1211 factum
218 1173 256 1210 cst
272 1163 339 1208 Nana
356 1160 503 1224 regnante),
527 1159 582 1225 quis
600 1159 714 1220 tandem,
731 1160 847 1226 inquam,
868 1161 915 1208 sibi
931 1166 989 1226 pcr2

108 1249 237 1311 suadebit,
263 1244 470 1311 Hellenas-fatali
492 1243 541 1292 hoc
563 1244 684 1309 temporis
707 1246 812 1295 articulo
833 1246 867 1295 ita
892 1247 989 1296 ratione

108 1338 240 1386 destitutos
257 1333 342 1394 luisse,
360 1343 388 1398 ut
405 1332 471 1389 uires
489 1331 537 1406 ipsi
552 1331 657 1379 coloniis
675 1331 769 1382 emissis
786 1331 945 1398 frangereut3
964 1344 989 1387 et

109 1423 215 1473 coloniis
232 1438 350 1487 quasnam
366 1421 392 1467 in
408 1417 507 1467 terras?
531 1435 619 1466 eorum
635 1417 663 1465 in
678 1429 757 1468 terras
775 1437 881 1486 quorum
898 1415 991 1473 fratres
1042 1450 1043 1453 =

109 1512 159 1576 ipsi
175 1508 276 1558 sedibus
293 1504 452 1571 expulerant!
471 1488 595 1552 Callidum
612 1521 670 1552 sane
683 1501 936 1569 consiliunil'Crcdat
947 1497 989 1556 ciii

108 1599 206 1664 placet,
224 1593 342 1660 equidem
361 1592 484 1653 calculum
500 1607 551 1661 non
568 1586 670 1639 adiicio.'
700 1592 809 1656 Egregie
824 1609 887 1642 vero
903 1591 991 1641 Helless

73 1686 77 1691 “
107 1701 166 1731 num
190 1683 216 1729 in
237 1679 366 1728 Thessalia
383 1670 569 1743 expeditiones,
594 1677 758 1742 Pelasgorum
778 1676 850 1743 fuga,
876 1680 989 1746 Achaeo·

106 1788 164 1819 rum
180 1767 370 1832 Pelasgicorum
386 1764 412 1811 in
428 1763 575 1829 Argolidern
594 1780 704 1812 secessus
727 1775 752 1813 et
773 1765 880 1829 benigna
900 1782 988 1830 recep-

106 1837 143 1906 tio
166 1856 232 1903 inter
256 1869 282 1900 se
305 1851 439 1898 concinere
461 1850 585 1899 uidentur.
626 1851 740 1899 Fuerunt
762 1851 807 1918 ‘qui
824 1847 992 1900 observarent

108 1960 165 1991 cuin
182 1939 302 2003 temporis
322 1937 419 1986 ratione
440 1952 490 1983 non
508 1936 573 1983 bene
597 1937 746 1998 convenire,
764 1929 945 1985 ·Archand1·um
964 1948 989 1985 et

106 2026 277 2086 Architelem,
294 2024 388 2071 Achaei
404 2022 469 2070 filios
478 2047 489 2083 ,1
501 2022 582 2070 Danai
599 2038 705 2087 generos
722 2021 815 2086 fuisse,
831 2023 939 2088 ideoque
957 2024 988 2071 de

107 2115 195 2161 Dauno
213 2110 356 2158 recentiore
373 2124 515 2156 sermonem
529 2105 585 2155 essev
599 2113 716 2173 putarent
734 2102 858 2172 (baecher
874 2095 987 2156 chronol.

106 2198 242 2258 Herodot.)
251 2213 258 2257 3
283 2211 348 2260 quae
362 2194 505 2244 obseruatio
522 2194 652 2244 verissima
669 2183 722 2255 est,
733 2194 754 2240 si
772 2194 803 2241 de
817 2194 895 2241 Xuthi
911 2210 987 2260 nepo-

106 2285 173 2332 tibus
190 2269 367 2347 intelligimus3
394 2290 419 2327 at
435 2279 493 2326 satis
512 2280 643 2327 commode
666 2280 828 2345 chronologia
847 2281 987 2344 procedere

107 2368 222 2428 videtur,
240 2366 345 2431 siquod
363 2365 480 2430 equidem
496 2366 632 2430 proposui,
656 2376 681 2413 et
699 2366 766 2432 quod
784 2376 911 2415 stemmata
927 2384 987 2431 pro-

106 2457 180 2516 bant,
206 2451 381 2500 Archandrum
399 2451 478 2515 atque
490 2449 644 2508 Architelem
661 2450 692 2498 ab
709 2451 821 2498 Hellenis
840 2453 917 2516 stirpe
939 2452 987 2499 dis-

106 2543 218 2599 iunctos,
246 2538 277 2584 ad
297 2536 422 2600 Pelasgici
444 2535 539 2586 Achaei
563 2537 666 2599 stirpem
687 2535 827 2586 referimus.
869 2538 995 2585 Fortasse·

107 2625 226 2690 singulari
243 2623 417 2670 dissertatione
433 2620 566 2687 aliquando
590 2615 654 2669 hane
670 2622 842 2688 quaestionem
862 2638 987 2687 exponen·
1024 2686 1026 2688 ι

106 2714 161 2761 dam
179 2710 243 2759 mihiv
258 2726 361 2756 sumam.
425 2759 426 2762 Ἰ

171 2799 258 2845 Danao
276 2793 395 2842 successit
410 2794 524 2857 Lynceus
546 2790 624 2856 (uude
641 2791 773 2858 hepartius
792 2788 892 2863 ”Appos
909 2794 994 2857 Apol-·

53 2928 54 2931 ,
106 2887 156 2932 lon.
172 2883 220 2931 Rh.
238 2884 262 2942 I,
280 2882 352 2943 125),
369 2879 428 2926 huic
445 2878 526 2938 Abas,
545 2895 558 2924 a
576 2894 626 2942 quo
639 2869 989 2942 ’Ἄβαντος’ἂγυιαί.’“Ρὶη(],,

106 2971 217 3034 rpus&
258 2967 298 3014 Ab
322 2966 371 3012 hoc
395 2981 469 3028 quem
493 2963 617 3027 expressis
635 2964 718 3010 verbis
735 2964 829 3028 Lyncei
848 2975 873 3011 et
889 2966 999 3028 Hyperr

106 3061 229 3104 mnestrae
246 3053 324 3109 filium
342 3060 469 3114 nuncupat
485 3049 618 3096 Pausanias
637 3051 683 3113 (X,
700 3052 744 3110 35,
761 3054 790 3102 1,
801 3067 825 3114 p.
842 3050 901 3111 887)
919 3050 986 3100 Abas

106 3144 129 3189 in
147 3141 259 3188 Phocide
277 3136 389 3184 conditas
406 3135 514 3182 tradunt.
554 3134 605 3181 Sed
623 3136 644 3181 si
660 3145 817 3201 ucrumest,
840 3135 906 3198 quod
924 3135 986 3182 mihi

106 3227 207 3291 quidem
226 3232 361 3272 nonvextra
380 3236 453 3268 omne
470 3220 574 3292 dubium
591 3219 701 3285 positum
715 3219 822 3278 videtur,
840 3220 907 3267 Abas
919 3221 985 3268 Pho-

105 3328 161 3360 ceas
184 3311 214 3358 ab
240 3309 337 3357 Abanta
361 3305 469 3371 quodam
492 3306 630 3354 nominatas
654 3321 723 3367 esse,
750 3306 878 3371 quaeritur
901 3317 984 3359 tamen
