2139 3579
531 197 570 252 22

108 288 168 400 126)
182 331 251 384 filius
267 335 403 402 Epaphus,
426 332 470 426 qui
486 312 639 399 Memphin,
651 332 704 383 Nili
720 330 811 396 liliam,
833 332 905 382 duxit
921 340 950 381 et
963 344 995 380 ex

108 437 138 471 ea
145 420 258 485 Libyam
274 419 422 487 procrearit
428 406 651 484 etLysianassam
675 418 808 485 (Apollod.
824 419 898 481 11‚5‚
916 420 956 479 11,
972 420 1006 473 7.

108 527 133 575 p.
152 510 212 573 195)
230 526 245 557 e
262 525 311 574 qua
322 509 454 572 Neptunus
464 505 577 554 Busirim
593 505 724 556 sustulisse
736 504 836 554 dicitur.
870 504 921 553 Sed
933 513 995 553 tem-

109 606 202 662 porum
218 594 283 651 ratio
308 593 410 641 omnino
424 602 475 648 est
486 588 620 642 contraria.
659 590 799 667 Quomodo
813 590 880 639 enim
897 589 998 637 tandem

109 666 241 732 Hercules
256 679 358 746 Epaphi
379 684 499 744 nepotem
521 678 651 728 debellare
673 676 830 760 potuisset?
851 678 892 726 De
912 675 998 724 Busiri

110 767 258 818 conferendi
275 776 333 816 sunt
348 768 437 831 Heyne
454 764 485 813 ad
502 765 623 831 Apollod.
639 766 657 814 l.
674 763 691 816 ι’.
714 775 740 815 et
755 766 839 815 Sturz.
857 765 888 813 ad
903 764 999 813 Phere-

110 854 166 920 cyd.
183 852 215 902 fr.
223 872 258 923 p
276 855 325 908 132
338 868 376 918 sq.
394 861 421 901 et
438 853 496 907 137
526 851 622 917 Libyae
645 867 677 901 ex
697 854 815 927 Neptuno
834 849 880 899 filii
896 851 1000 915 Agenor

110 950 137 990 et
152 940 238 989 Belus.
271 940 313 989 De
331 937 448 991 omnihus
464 937 503 987 his
520 937 653 989 videantur
668 936 699 987 ab
715 937 815 1049 Heynio
831 938 868 1015 ad
879 931 999 1017 Apollod.

111 1027 227 1076 collecta
1010 1092 1011 1095 Ἴ

174 1114 232 1161 Non
249 1111 359 1161 alienum
374 1109 476 1168 ridetur
499 1110 530 1159 ab
546 1110 596 1165 hoo
612 1110 671 1159 loco
687 1121 791 1173 notare,
814 1110 842 1158 in
858 1101 925 1159 linea
943 1083 1001 1159 des,

112 1197 235 1246 cendente
253 1198 284 1246 ab
307 1199 372 1246 Jone
397 1212 477 1262 usque
500 1196 532 1243 ad
550 1195 690 1253 Herculem
715 1207 741 1246 et
758 1197 826 1265 ultra
848 1196 913 1245 mire
935 1195 1001 1245 inter

111 1298 139 1333 se
157 1283 294 1333 convenire
311 1292 442 1343 auctores,
459 1291 488 1330 ut
504 1282 533 1329 ιιι
547 1272 614 1331 linea
630 1271 800 1333 adscendente
816 1283 867 1331 dici
883 1299 933 1331 non
945 1291 1007 1348 pot-J

113 1377 153 1415 est
169 1379 290 1433 quantum
307 1369 373 1417 inter
389 1383 417 1416 se
435 1366 561 1416 differant.
595 1368 733 1433 Aeschylus
755 1362 819 1435 ng.
836 1369 881 1435 'qui
895 1368 922 1417 in
938 1371 1002 1417 Pro·

35 1449 39 1457 '
112 1454 215 1503 metheo
232 1455 323 1525 vineto
335 1464 362 1505 et
380 1453 543 1519 Supplieib‘us
560 1454 732 1524 Danaidarum
749 1455 857 1504 maiores
874 1467 901 1505 et
917 1466 1002 1521 poste-

78 1586 81 1589 ,
112 1527 157 1588 ros
178 1540 314 1602 describit,
341 1539 372 1597 ab
390 1538 499 1605 Epapho
517 1555 598 1606 usque
622 1540 654 1588 ad
678 1540 804 1607 Danaidas
827 1537 1002 1607 generationes

115 1626 241 1692 quinque,
260 1627 291 1675 ah
308 1629 374 1678 Jone
391 1611 427 1674 ad
437 1617 573 1674 Herculem
591 1625 713 1690 tredecim
729 1637 844 1676 numerat
860 1626 1002 1692 (Prometh.
1027 1614 1039 1660 Ῐ

69 1766 78 1770 ,
103 1704 146 1764 ιι.
163 1712 220 1764 853.
237 1695 321 1776 774),
336 1706 413 1778 vquae
430 1712 584 1777 computatio
602 1722 640 1761 est
657 1712 855 1779 accuratissima,
880 1706 902 1761 si
920 1714 1003 1779 qualis

114 1813 170 1846 mos
193 1808 232 1847 est
255 1798 630 1863 Graecorum,generationes
656 1807 781 1847 extremas
804 1789 1003 1848 adnumeremus.

82 1919 84 1922 ι
107 1881 151 1932 'At
171 1883 254 1932 sicubi
278 1879 478 1950 computationes
499 1866 567 1933 ullra
588 1883 868 1946 Jonemadseenduut,
897 1881 1004 1934 difficul·
1052 1889 1054 1892 ’

63 2024 65 2036 ³
103 1978 180 2030 ,tates
202 1970 287 2020 statim
310 1971 435 2020 oriuntur.
479 1970 568 2023 Sicu.
585 1987 609 2036 g.
632 1955 740 2029 Diodor.
759 1971 808 2032 Sic.
824 1972 868 2034 IV,
887 1974 926 2025 11.
946 1967 1012 2039 pag.

24 2087 28 2092 -
116 2057 169 2112 260
183 2113 185 2115 ,
199 2056 347 2106 Alcmenam
374 2049 484 2105 aNiohe
500 2056 630 2111 Phoronei
645 2055 698 2106 filia
713 2074 746 2106 ex
762 2056 1005 2124 mythographorum

117 2140 346 2207 computationibus
373 2141 472 2193 decimo
499 2152 570 2191 sexto
597 2139 677 2208 gradu
701 2143 857 2202 descendere
882 2140 1011 2208 affirmat,
1054 2203 1058 2207 ,

118 2227 248 2294 quomodo
268 2227 331 2277 haec
353 2226 385 2275 ad
407 2237 537 2278 stemmata
553 2239 643 2278 nostra
658 2213 805 2296 apradrent,
828 2230 888 2295 ipse
911 2230 1004 2281 videas.

104 2314 189 2363 ‘Haec
206 2314 239 2362 de
255 2312 409 2380 Apollodori
426 2322 570 2377 stemmate,
586 2300 741 2364 transeamus
754 2315 785 2363 ad
797 2314 978 2380 Pherecydem

181 2384 336 2466 Pherecydis
354 2398 523 2469 fragmentum
538 2401 611 2450 nobis
624 2401 735 2451 servavit
747 2401 899 2466 Scholiastes
911 2403 1006 2461 aduu-

117 2486 208 2552 ripidis
225 2472 473 2549 Phoenissas'1193,
492 2488 536 2554 qui
553 2488 676 2556 ipsissima
694 2486 747 2535 eius
766 2486 900 2553 descripsit
914 2480 1015 2554 verbaa'

117 2573 248 2622 luculento
277 2575 457 2622 commentario
484 2590 514 2623 ea
538 2574 638 2623 ornauit
661 2573 813 2622 Sturzius'
806 2579 832 2621 ιιι
857 2572 1021 2627 collectione-

118 2657 320 2725 fragmentorum
336 2658 491 2723 Pherecydis
507 2676 565 2726 pag
582 2662 694 2727 1131qu,
711 2660 746 2709 ita
762 2670 856 2709 utnon
872 2663 951 2737 multa
965 2663 1006 2711 ad
1039 2727 1040 2730 Ἴ

120 2744 202 2794 denda
218 2744 360 2810 reliquerit
393 2746 530 2794 Praeterea
547 2745 623 2798 etiam
639 2733 828 2814 Apollodorus
831 2762 862 2796 ex
873 2765 933 2806 erus
950 2767 1007 2799 auc
1039 2793 1040 2798 ,

120 2830 222 2881 toritate
239 2830 337 2897 Argum
352 2832 495 2897 Panoptem
510 2831 638 2881 Arestoris
655 2830 735 2881 filium
753 2833 879 2907 laudavit3
907 2837 939 2883 de
956 2853 1007 2901 quo
1026 2837 1027 2840 ’

119 2918 178 2966 loco
195 2933 276 2982 supra·
290 2916 410 2965 dictum
402 2934 452 2980 ram
468 2927 513 2966 est.
535 2919 685 2993 Quosnam
701 2906 808 2970 fontes
800 2937 827 2967 m
843 2906 895 2969 hac
907 2920 1007 2987 genalo

120 3003 161 3071 gia
178 3012 280 3053 secutus
296 3003 344 3067 sit,
360 2995 466 3053 definire
483 3020 534 3053 non
551 3005 640 3077 audeo.
