2139 3579
40 342 98 389 dine
114 322 275 401 excelluisse,
298 338 393 386 Dianae
411 336 529 387 comitem
545 333 623 383 fuisse
640 343 710 393 cet.;,
730 332 752 380 si
769 328 925 399 sontemhu-
989 355 992 361 ·

39 428 77 475 ius
95 409 244 487 narrationis
260 423 491 487 circumspicimus,
509 418 681 485 ePhereeyde
698 433 743 467 sue
758 415 871 465 hausisse
887 431 925 462 ar-

40 512 229 578 chiepiscopum
245 509 409 559 inveniemus.
427 506 465 555 Cf.
477 505 563 555 Schol.
578 507 609 554 ad
621 508 696 554 Hom.
709 506 726 553 l.
738 505 755 554 l,
775 505 827 569 (ap.
840 502 924 550 Sturz.

37 597 69 646 fr.
86 598 186 646 LXXII.
204 615 237 663 p.·
247 596 320 659 207).
349 591 511 663 Pherecydes
527 591 605 655 igitur
620 592 687 640 hune
705 594 827 654 Proetum
842 589 924 653 Argo·

37 700 94 730 rum
110 697 198 753 regem
215 675 406 746 appellaverat?
431 669 598 757 Neutiquam3
625 693 656 725 ex
673 676 774 752 ingenio
797 691 843 724 suo
860 675 924 723 haec

37 766 133 814 addidit
156 763 402 823 Thessalonicensis,
427 761 470 811 rel
495 759 587 827 potius
606 762 763 824 immutavit,
797 760 923 827 expressis

37 851 103 901 enim
116 833 207 901 verbis
222 848 357 898 Proetus
349 866 384 910 rs,
405 848 502 895 Anteae
516 848 635 909 maritus,
655 850 755 896 Maerae
770 857 858 913 pater,
880 863 923 911 ap-

36 937 143 1003 pellatus
161 932 242 991 fuerat
259 955 272 985 a
289 933 438 998 Pherecyde
448 930 603 982 Thersandri
619 922 709 994 filine
717 943 743 982 et
756 932 872 995 eandem
881 948 923 997 ge·

36 1024 176 1088 nealogiam
193 1023 220 1069 in
236 1021 320 1071 Nostis
337 1010 479 1087 expositam
494 1018 578 1087 luisse
588 1036 603 1068 e
613 1020 742 1091 *Pausania
758 1017 879 1080 discimus
891 1020 924 1080 X,

35 1113 115 1170 30,2.
132 1126 157 1174 p.
174 1110 246 1182 872
238 1107 281 1156 fin.
295 1105 349 1156 ubi
364 1109 450 1155 Maera
464 1105 554 1154 Proeti
569 1104 644 1168 lilia,
662 1105 816 1176 Thersandri
832 1104 923 1171 neptis,

36 1195 137 1261 Sisyphi
153 1193 284 1260 proneptis
302 1189 469 1259 nuncupatur.
500 1191 541 1239 Ad
553 1170 745 1263 Corinthum&
719 1191 797 1256 agitur
809 1188 941 1260 pertinet„

34 1283 143 1329 Proetus
161 1279 266 1344 eiusque
284 1294 350 1326 uxor
366 1269 455 1327 Antea.
493 1278 600 1327 Anteam
616 1259 749 1327 Homerus
765 1278 859 1359 Lyciae
880 1293 921 1326 re·
966 1313 968 1316 .

34 1366 72 1432 gis
95 1364 172 1413 filiam
194 1354 318 1431 appellat,
342 1380 434 1412 nomen
455 1363 562 1434 reticet,
591 1363 742 1432 supplerunt
757 1363 922 1425 recentiores,

35 1451 104 1500 sed
96 1462 166 1500 mter
178 1467 205 1499 se
221 1467 273 1499 non
289 1451 456 1515 conveniunt,
473 1466 552 1515 quum
568 1449 672 1499 lobates
688 1450 731 1498 ab
738 1450 806 1510 aliis,
823 1449 854 1498 ab
867 1449 921 1498 aliis

7 1525 9 1528 ¹
35 1536 192 1602 Amphianax
213 1524 394 1601 perhibeatem
419 1535 575 1593 binominem
598 1552 656 1585 eum
678 1527 760 1585 fuisse
777 1535 840 1583 mihi
860 1548 920 1602 per·

34 1623 141 1687 suadeo,
167 1622 201 1670 ita
219 1611 253 1670 *ut
268 1621 370 1671 Jobates
388 1632 415 1671 et
430 1622 588 1687 Amphianax
611 1622 724 1671 eiusdem
746 1621 855 1669 hominis
872 1622 921 1669 sint

34 1708 142 1761 nomina,
173 1706 360 1773 Amphianaotis
376 1701 427 1756 filia
445 1718 485 1756 est
498 1709 579 1757 Antea
598 1708 664 1773 apud
679 1700 861 1771 Pherecydem,
877 1708 926 1755 Jo-

34 1793 98 1841 batis
115 1789 135 1841 e'
147 1792 212 1841 fama
229 1781 342 1858 vulgari3
368 1793 394 1840 in
416 1793 520 1858 Lyciam
544 1793 636 1842 abiisse
656 1785 885 1858 Bellerophontem*
905 1808 919 1842 e

32 1878 113 1943 patria
136 1863 243 1943 pulsum
260 1895 275 1926 a
290 1880 408 1940 Proeto,
428 1895 554 1940 consensu
569 1868 698 1930 communi
720 1879 919 1945 tradit'antiqui-
981 1941 984 1946 ι

33 1972 85 2025 tas,
111 1963 144 2011 de
160 1963 228 2028 regis
245 1965 346 2012 nomine
363 1964 481 2029 ambigit,
505 1964 600 2038 quippe
616 1955 685 2031 quod
696 1965 731 2014 ab
748 1967 862 2031 Homero
879 1973 919 2014 re'·

32 2047 137 2109 ticetur3
163 2048 214 2096 hoc
230 2049 306 2097 etiam
322 2049 399 2098 modo
415 2049 579 2116 Apollodori
590 2050 676 2099 locum
692 2050 806 2116 intelligo
830 2052 878 2116 (ll,
894 2056 919 2108 2,

33 2135 57 2195 1,
73 2137 96 2187 3
113 2135 208 2197 p.127)
230 2133 317 2188 οὸἒ
305 2153 366 2202 puer
382 2154 421 2192 εις
434 2136 535 2187 noerae
549 2155 618 2207 προς
628 2134 766 2206 Ἰοβάτην
785 2134 822 2193 ὡς
839 2136 866 2188 δὲ
882 2144 918 2188 τι·

32 2236 76 2274 ves
95 2214 178 2281 φασὶ,
198 2219 250 2284 [εις
265 2221 380 2286 Λυκιαν]
397 2218 466 2299 πρὸς
482 2220 731 2288 Ἀμφιᾶυὲιικταμ-
698 2222 835 2270 -Etiam
851 2220 918 2271 filiae

32 2316 137 2383 nomen,
155 2321 229 2372 quam
239 2304 339 2368 Lyciae
356 2320 403 2354 rex
406 2296 615 2389 Bellerophonti
630 2307 726 2370 elocat,
742 2308 927 2402 Homerus's1·.
969 2335 971 2337 v

32 2390 111 2438 lentio
123 2389 313 2454 praetermittit.

97 2475 154 2522 Jam
169 2474 299 2539 rideamus
318 2475 385 2541 quid
397 2474 429 2524 de
444 2475 572 2524 Siehelisii
589 2477 721 2542 opinione,
736 2468 859 2527 Proetum
870 2478 918 2527 Co·
924 2518 928 2522 .

31 2558 109 2607 rinthi
125 2575 212 2623 regem
229 2576 286 2608 cum
295 2555 416 2622 Homero
433 2579 484 2610 non
501 2578 660 2648 congruere,
672 2563 725 2611 sed
733 2564 865 2629 Argorum
877 2580 917 2613 re·

12 2643 118 2708 vgem'
110 2661 136 2691 ιιι
138 2644 302 2709 elligendum
325 2662 398 2710 esse,
425 2647 586 2697 iudicandum
609 2644 648 2697 sit.
694 2649 868 2715 Bellerophon
892 2659 918 2700 et

30 2731 139 2778 Proetus
155 2728 200 2776 ille
216 2730 249 2777 de
266 2746 317 2795 quc
334 2731 431 2797 agitur,
457 2733 582 2800 aequales
596 2732 669 2783 fuere
691 2743 716 2783 et
733 2734 846 2783 eiusdem
861 2733 917 2784 lere

31 2810 138 2862 aetatis.
164 2814 370 2883 Bellerophontis
392 2815 459 2866 filius
481 2818 675 2884 Hippolochus,
700 2834 780 2884 nepos
798 2820 917 2883 Glaucus,
947 2871 951 2879 2

31 2900 76 2966 qui
92 2899 161 2960 bello
178 2898 289 2949 Troiano
306 2899 427 2951 interluit.
466 2904 568 2952 Floruit
589 2904 667 2970 igitur
683 2903 858 2970 Bellerophon
875 2901 918 2953 an·

31 2985 69 3033 nis
86 2986 196 3040 70-75
213 2995 270 3035 ante
287 2985 383 3037 bellum
392 2977 545 3052 Troianumy
562 2989 672 3037 Proetus
689 2984 752 3039 vero
762 2989 932 3054 Corinthius,-

30 3073 168 3120 Nostorum
184 3072 346 3137 auctoritate,
361 3073 451 3124 tertius
467 3083 523 3124 erat
536 3090 553 3124 u
570 3061 695 3140 Sisypho,
717 3074 752 3124 ita
768 3078 797 3126 ut
812 3085 916 3126 stemma

31 3156 81 3205 hoe
96 3156 142 3205 sit:
358 3150 360 3155 ’
